2798 4486
249 197 300 282 ,56

89 346 127 403 s
181 355 217 386 ‘-
269 373 274 390 ¹
337 311 488 452 rutatos.
531 359 578 432 aa
601 332 764 454 equum,
787 307 1063 452 eoquorum

342 471 561 542 Christian.
594 467 762 564 Numquid
775 467 857 536 illius
873 467 957 537 vitae
971 465 1227 560 beatitudine(m)

254 582 396 677 judicant
409 585 572 675 majorem,
584 580 639 648 nbi
652 579 799 649 videlicet
815 571 871 648 eos
885 594 1050 672 susceptos
1066 577 1169 647 nullus
1183 577 1230 646 of·

57 740 60 746 -
135 765 153 774 ¹,
255 694 337 786 digit
355 691 512 789 passionis
529 689 631 766 dolor,
652 705 687 758 ut
705 689 748 757 ibi
766 688 872 782 potius
893 714 988 782 quam
1006 689 1057 757 bie
1072 713 1231 757 summum

256 803 394 875 bominis
415 804 537 872 bunum
560 816 592 869 et
612 825 718 869 veram
741 798 969 868 beatitudinem
991 814 1219 892 exspectemus.

341 911 498 983 Philus.
541 909 643 1000 Quies
668 910 795 1007 quidem
815 908 899 978 illius
921 909 1003 979 vitae
1025 909 1160 978 maxima
1183 927 1233 980 est

256 1021 297 1094 ab
319 1023 416 1107 omni,
438 1038 474 1092 nt
491 1021 603 1104 dixisti,
624 1020 776 1114 passione
797 1019 957 1103 immunis,
979 1019 1037 1089 sed
1060 1045 1132 1088 cum
1153 1019 1232 1089 affli-

256 1133 320 1204 c'tio
335 1149 440 1225 oessat
453 1155 656 1227 nequaquam
672 1130 780 1222 eugeri
795 1130 1024 1218 beatitudinem
1037 1129 1155 1208 dicunt,
1171 1131 1233 1199 nisi

255 1243 353 1314 virtus
383 1258 561 1326 excrescat,
596 1267 656 1310 nec
678 1241 846 1337 quisquam
874 1242 914 1311 ab
943 1239 1141 1310 eisbeatior
1165 1242 1233 1310 fieri

257 1354 385 1433 dicitur,
419 1353 481 1422 nisi
508 1352 619 1425 virtute
652 1351 765 1421 melior
792 1350 966 1441 efficiatnr3
1004 1357 1096 1439 [nec]
1127 1349 1234 1445 ipsum

166 1545 173 1556 ,
257 1465 385 1558 quippe,
406 1478 442 1531 nt
464 1462 543 1547 dixi,
565 1461 719 1556 definiunt
740 1460 972 1544 beatum-esse,
995 1446 1081 1555 qnod
1105 1476 1154 1530 est
1174 1462 1233 1531 vir-

257 1574 376 1643 tutibus
398 1572 529 1669 pollere.
571 1570 668 1642 Unde
691 1587 722 1641 et
745 1570 909 1668 quislibet,
938 1571 1014 1639 dum
1035 1595 1094 1665 pru
1115 1572 1234 1665 justitia

135 1691 138 1696 “
256 1684 374 1778 patitur
396 1699 428 1753 et
447 1683 598 1778 patiendo
620 1681 755 1775 emplius
772 1682 885 1750 mereri
899 1679 1020 1766 dicitur,
1042 1705 1142 1776 aeque
1157 1684 1233 1750 bea·
1306 1697 1309 1702 '

255 1809 307 1862 tus
329 1795 363 1862 in
386 1793 568 1883 tormentis,
596 1809 631 1862 ut
652 1808 725 1862 ante
749 1792 876 1876 dicitur,
899 1792 973 1887 quia
996 1791 1096 1886 aeque
1118 1793 1233 1865 bonus.
1344 1883 1350 1888 ·

257 1903 414 1993 Quamvis
432 1905 517 1972 onim
539 1903 635 1973 virtus
653 1905 721 1995 ejus
737 1928 824 1972 nuuc
840 1902 942 1994 magis
962 1925 1055 2004 quam
1072 1902 1159 1995 prius
1178 1927 1233 1996 ap·

213 2048 218 2061 ‘
255 2030 376 2109 pareat,
398 2031 603 2108 nequaquam
624 2029 730 2083 tamen
754 2041 791 2082 ex
812 2028 970 2083 tormento
992 2013 1098 2088 crevit,
1121 2013 1179 2081 sed
1195 2041 1233 2092 ex
1317 2047 1322 2052 ·

255 2139 426 2208 tormento,
449 2139 567 2220 quauta
589 2140 657 2193 erat
677 2125 834 2218 apparuit.
854 2132 922 2209 (96.
943 2121 1002 2211 V.)
1039 2123 1133 2192 Absit
1149 2127 1233 2194 enim

256 2249 291 2301 ut
313 2258 522 2328 quaecuuque
545 2234 586 2302 ad
610 2235 808 2328 corporalem
836 2232 885 2303 vel
914 2232 1051 2328 quietem
1078 2235 1128 2302 vel
1155 2236 1233 2304 affli-
1337 2267 1339 2276 ¹

256 2343 394 2411 ctionem
418 2343 578 2436 pertinent
605 2343 834 2413 beatitudinem
855 2351 997 2412 nostram
1025 2343 1075 2412 vel
1097 2363 1235 2437 augeant

255 2451 307 2520 vel
334 2451 494 2535 minuant,
523 2453 549 2520 si
577 2453 610 2521 iu
640 2454 754 2523 eodem
781 2453 947 2549 proposito
976 2453 1073 2523 virtus
1095 2473 1234 2526 mentem

218 2579 224 2593 '
258 2561 425 2632 'custodiat
460 2563 533 2657 lpse
557 2564 685 2658 quidem
709 2563 854 2633 Christus
877 2581 981 2633 vester
1002 2556 1157 2659 numquid
1178 2593 1234 2660 pa·

256 2671 367 2740 tiendo
391 2695 482 2740 snam
502 2665 616 2744 minuit
637 2675 863 2768 beatitudinem
886 2691 941 2744 aut
960 2676 1156 2768 resurgendo
1179 2702 1234 2746 au·

149 2849 152 2857 ,
255 2781 321 2850 xit?
364 2778 577 2876 Nequaquam
605 2785 795 2880 igitur-quia
816 2784 879 2854 illic
902 2800 1029 2854 cessant
1050 2787 1233 2881 corporales

255 2892 337 2959 istae
367 2890 572 2978 afflictiones,
602 2919 663 2964 nos
692 2895 735 2962 ibi
765 2920 896 2965 censeas
922 2896 1043 2964 futuros
1065 2897 1235 2984 beatiores,

141 3049 142 3056 ι
202 3066 207 3084 ,
255 3001 285 3069 si
304 3000 401 3069 futuri
422 3027 489 3072 uuu
512 3027 621 3074 sumus
643 3004 801 3076 meliores.

343 3105 564 3185 Christian.
608 3114 698 3203 Quid
720 3115 748 3184 si
769 3117 901 3186 sumus?
984 3174 986 3178 .

263 3205 266 3212 ⁵
341 3220 492 3294 Pbilus.
538 3224 656 3320 Utique
677 3226 835 3294 beatiores
859 3225 933 3320 quia
956 3225 1113 3301 meliores.

341 3329 497 3403 Philus.
539 3335 640 3417 Illam,
662 3350 698 3402 nt
715 3335 829 3420 dixisti,
848 3337 942 3404 vitam
957 3363 1016 3430 pro
1032 3338 1148 3410 meritis
1164 3356 1232 3408 tau-

156 3532 157 3535 *
226 3461 351 3536 *qnam
379 3441 518 3511 debitam
552 3445 758 3538 exspectetis,
791 3462 943 3540 tanquam
971 3446 1022 3515 bic
1052 3463 1124 3517 cum
1152 3450 1233 3520 vitiis

254 3575 363 3645 pugna
384 3551 443 3634 sit,
464 3551 509 3619 ibi
530 3553 679 3624 victoriae
702 3579 832 3626 corona.

334 3660 494 3732 Philus.
537 3664 586 3731 Ita
601 3664 757 3754 ¹omnibus
778 3681 893 3760 patens
915 3681 975 3736 est.

339 3771 561 3861 Christian.
606 3774 684 3864 Quo
710 3775 805 3866 igitur
825 3776 923 3846 modo
945 3776 989 3846 ibi
1009 3801 1132 3846 merces
1153 3780 1233 3849 reci·

4 3861 5 3870 ,
79 3893 90 3908 ·’
157 3911 159 3915 ’
251 3879 439 3974 piendaest
461 3907 620 3977 agonum,
642 3884 670 3956 si
690 3883 813 3966 felicius
835 3885 880 3956 ibi
902 3912 971 3964 non
992 3889 1033 3958 sit
1053 3888 1233 3984 urendum,
