2740 4486
1045 193 1260 325 ors

101 431 235 507 'quorum
265 439 375 487 curam
405 439 503 507 garo,
534 419 715 486 extendero
745 418 869 501 doleo,
899 436 960 488 neo
987 435 1098 492 tamen
1199 501 1203 506 .

97 548 231 618 propter
258 535 322 600 hoc
352 546 476 599 tantum
507 547 633 615 patrem
663 557 789 614 meum,
820 550 975 618 quantum
1003 537 1098 604 illurn

99 649 214 735 diligo.
258 649 323 713 Hio
346 625 541 727 notandum,
571 649 676 732 qnod,
706 651 735 712 si
767 649 877 733 aliqua
906 649 1098 718 infirmitate

69 775 267 843 -oluperatus
289 763 323 824 in
346 759 597 850 fornicationem
618 757 675 823 vel
705 750 923 826 homicidium
938 766 1095 846 incidam,

96 872 208 938 vulin
231 873 363 957 aliquod
387 871 478 936 alind
505 884 694 954 peccatum,
725 871 898 952 dommodo
929 873 1096 946 Christum

95 989 129 1051 in
152 987 363 1051 fundamento
387 984 545 1062 habeam,
571 1005 636 1063 non
658 998 790 1084 proptor
812 986 874 1052 hoo
896 1009 1008 1056 verum
1031 1005 1095 1074 ast,

95 1101 182 1183 quod
215 1099 322 1168 Deam
357 1121 422 1162 non
456 1096 602 1184 diligam.
657 1097 750 1162 Bene
779 1102 867 1164 onim
896 1122 1029 1184 possum
1057 1107 1094 1172 in

39 1194 51 1271 s
97 1213 212 1298 aliquo
245 1213 409 1276 dominum
445 1233 552 1276 meum
587 1195 795 1275 contemnere
827 1213 869 1276 ad
903 1225 1029 1298 tempus
1061 1230 1096 1284 et

91 1327 199 1407 ipsum
227 1347 306 1409 prae
336 1325 486 1388 omnibus
517 1323 655 1410 dilig'ero
686 1335 720 1387 ot
748 1346 847 1406 super
875 1325 961 1392 alios
992 1333 1094 1396 aesti-

91 1461 195 1504 mato.
247 1439 357 1504 David
386 1441 472 1503 anim
501 1437 629 1522 quando
659 1440 808 1519 peccavit
838 1441 1007 1507 caritatem
1034 1442 1110 1508 ha·'

90 1551 212 1645 balat,
235 1553 311 1634 quia
335 1550 502 1614 Christum
523 1555 557 1613 in
579 1551 790 1616 fundamento
806 1550 962 1618 habebat.
997 1539 1103 1621 Ctiri:

90 1681 179 1730 stum
202 1677 310 1730 autem
332 1666 367 1730 in
397 1665 616 1728 fundamento¹
639 1663 761 1728 habero
790 1676 842 1728 est
871 1665 1014 1750 aliquem
1044 1670 1094 1734 sla

89 1801 166 1846 euru
190 1777 347 1864 diligere.
380 1778 466 1862 quod
493 1780 522 1842 si
552 1779 583 1842 ai
614 1779 703 1860 optio
738 1778 877 1853 daretur
898 1781 988 1860 prius
1016 1801 1092 1862 per·

85 1893 254 1968 mitteret,
276 1875 496 1968 saintorfioi,
519 1912 614 1977 qnam
632 1911 704 1954 eum
728 1901 877 1975 negaret.
914 1890 953 1955 ln
970 1889 1092 1960 talibus

88 2025 163 2068 oum
185 2016 300 2084 peccat
321 2004 412 2088 quis,
436 2002 521 2086 lapis
544 2015 595 2066 est
617 2014 725 2066 motus
749 2025 814 2067 non
836 2001 983 2068 avulsus.
1025 2003 1091 2070 Ca-

87 2117 147 2180 dat
165 2119 294 2200 justus,
330 2115 460 2181 labatur
479 2118 608 2199 justus,
639 2128 790 2201 resurgat
814 2116 944 2199 justus,
972 2115 1092 2182 molior

87 2229 164 2294 urit.
209 2227 341 2291 Sanctis
364 2229 451 2308 onim
473 2229 583 2292 omnia
606 2239 822 2310 cooperantur
843 2226 879 2290 in
901 2225 1034 2292 bonum.

168 2338 270 2426 wCum
294 2343 395 2426 igitur
427 2341 549 2403 auritas
581 2359 707 2404 summa
735 2339 891 2404 virtutum
923 2339 967 2402 sit
995 2350 1028 2402 at
1054 2339 1090 2404 ia

85 2471 153 2534 qua
184 2453 289 2516 omnis
318 2456 421 2516 virtus
450 2451 520 2516 alia
548 2472 645 2538 quam
673 2454 746 2532 ipsa
768 2453 812 2514 sit
839 2452 1017 2528 innitatur,
1047 2449 1090 2514 da

86 2564 263 2628 virtutibus
284 2565 385 2628 latius
407 2576 441 2628 ot
461 2565 552 2629 vitiis
574 2565 789 2652 inquiramus.
825 2546 899 2628 'sed
917 2563 1006 2644 prius
1025 2559 1089 2626 hoo

84 2675 129 2738 do
152 2678 288 2738 caritate
310 2676 497 2755 videamus,
528 2677 616 2763 quod
638 2676 842 2760 Augustinus
867 2695 997 2739 omnem
1021 2674 1087 2740 vir·

82 2798 189 2850 tutem
219 2789 389 2851 caritatem
420 2809 494 2851 osse
514 2786 605 2850 vella
632 2788 772 2852 videtur.
788 2821 798 2840 -·
814 2784 896 2850 Cum
921 2775 1009 2850 enim
1027 2807 1088 2851 oa-

81 2901 166 2964 ritas
187 2898 269 2962 fucit
289 2897 427 2976 fortem,
458 2898 615 2963 fortitudo
645 2903 766 2965 caritas
796 2912 868 2965 est:
903 2919 974 2962 oum
1001 2898 1087 2964 lsoit

82 3010 260 3091 humilem,
292 3010 474 3082 humilitas*
491 3015 610 3076 oaritas
640 3025 712 3078 est:
730 3017 733 3024 '
748 3033 821 3076 oum
846 3011 929 3074 fauit
956 3013 1086 3092 patien-

80 3141 172 3208 tem,
205 3130 365 3212 patientia
396 3103 518 3194 calitas
549 3142 600 3194 ast
632 3141 665 3192 ot
692 3131 741 3193 sio
769 3128 810 3190 do
844 3124 932 3190 aliis.
988 3122 1085 3196 Unda
1156 3147 1159 3156 ’

77 3240 283 3324 Apostolus:
312 3243 431 3307 coritas
453 3244 562 3306 omnia
584 3243 710 3314 suffert,
736 3241 845 3304 omnia
862 3237 1002 3302 sustinet
1019 3247 1084 3300 eto.

80 3353 226 3429 Quidam
255 3367 366 3419 tamen
398 3353 482 3419 ha'no
511 3355 738 3418 auctoritatem
769 3349 968 3436 Augustini,
998 3366 1085 3433 quaa

79 3477 156 3532 ost:
175 3469 286 3533 omnia
306 3468 410 3532 virtus
435 3479 486 3532 ast
513 3469 656 3544 caritas,
674 3467 726 3530 sio
745 3472 924 3546 exponunt.
964 3457 1083 3524 Omnia

77 3582 186 3646 virtus
209 3593 260 3646 ost
283 3580 494 3661 saritam-mol
515 3603 558 3648 ox
578 3581 737 3646 caritate:
762 3576 832 3641 ,hoo
856 3586 965 3640 autam
985 3596 1083 3656 prop·

76 3707 134 3757 tar
161 3715 220 3758 aas
249 3697 387 3760 virtutos
425 3716 510 3782 quaa
543 3716 610 3759 nou
638 3690 845 3767 voluntates,
883 3687 944 3753 sod
973 3687 1081 3772 magis
1111 3689 1115 3700 “

72 3807 250 3892 potentias
279 3818 372 3886 anat,
403 3819 439 3871 ut
466 3789 733 3892 insequentibus
756 3799 874 3866 melius
896 3796 1079 3880 apparebit.
1101 3859 1104 3864 n

76 3916 255 3995 Quomodo
285 3920 389 4007 igitur¹
418 3917 601 3986 diffiniatur
627 3919 742 3998 virtus
763 3926 797 3982 ot
814 3913 853 3994 in
883 3920 964 4002 quot
990 3897 1086 3995 prim.

742 4078 748 4089 .
852 4051 867 4094 ι

25 2875 33 2908 l
