2774 4486
180 369 334 438 minusve
355 369 565 453 exciderant,
593 372 717 438 vindex
739 383 837 456 stqne
858 383 1034 460 patronus,
1057 371 1277 438 Corioli-edus

183 470 359 540 Arnoldus
380 472 483 561 (Unp.
501 474 679 542 Kirch'en-
699 474 768 541 und
783 475 929 540 Ketzer·
941 473 1026 538 Hist.
1041 478 1066 537 1.
1086 475 1107 538 Ι.
1126 475 1173 538 12.
1194 498 1224 540 c.
1241 476 1277 538 5.

182 585 211 654 1.
225 577 285 657 7.).
319 576 407 642 Hinc
420 588 493 664 post
507 578 675 665 Bayliunr,
692 577 747 662 qni
762 576 910 653 minoris,
925 599 1023 662 qnam
1040 575 1081 640 nh
1096 601 1135 640 eo
1152 577 1278 641 lacttsm

186 698 255 742 esse
283 682 540 765 exspectaveris,
583 680 681 745 illum
718 678 813 756 fecit,
854 680 1032 766 scriptores
1066 679 1279 764 evangelicoe

187 779 343 844 ccclesiae
360 781 493 859 addicti,
515 782 680 868 Theologi
693 781 749 867 11),
773 781 896 869 pariter
912 793 1009 866 atque
1026 780 1212 868 philosophi
1230 782 1280 865 ¹²)

186 892 218 944 et
244 879 390 948 historici
406 884 468 966 1³),
497 885 538 948 nd
560 887 752 970 aequiorem
779 884 975 948 sententiam
998 906 1032 946 se
1056 883 1280 971 applicarunt,

186 1005 296 1069 neque
312 985 508 1062 doluerunt,
529 989 585 1075 qni
608 989 643 1053 in
665 987 845 1053 Abaelardi
862 987 960 1050 rebus
974 985 1199 1070 dogmatisque
1215 1007 1281 1049 ex-

187 1088 349 1171 ponendis
363 1100 395 1152 et
409 1089 565 1176 operibus
579 1091 714 1155 edendis
728 1089 869 1155 multum
883 1088 1213 1174 opersccollocarent
1221 1087 1282 1171 14).

185 1187 228 1251 Et
250 1188 297 1253 sic
321 1203 432 1256 nostra
459 1191 620 1256 memoria
639 1190 710 1256 lere
733 1212 847 1256 omnes
869 1191 903 1254 in
925 1213 966 1254 eo
985 1194 1209 1268 consentiunt,
1241 1202 1281 1256 ut

152 1361 155 1366 ,
186 1311 263 1356 eum
281 1290 451 1358 hominem
467 1295 580 1359 eximii
596 1294 719 1379 ingenii
735 1305 767 1357 et
783 1291 870 1356 haud
885 1294 1146 1357 contemnendae
1161 1293 1282 1358 erndi-

187 1393 287 1458 tionis
314 1395 452 1481 eiusque
480 1394 598 1484 placita
625 1395 794 1462 immerito
822 1392 994 1458 haereticis
1017 1394 1180 1482 adscripta
1206 1417 1282 1460 csse

116 1563 117 1567 ,
186 1497 314 1562 dicant:
345 1521 450 1584 neque
471 1499 529 1584 qui
550 1498 744 1584 nuperrime
758 1500 942 1562 severiores
955 1497 985 1561 ei
998 1520 1033 1563 sc
1046 1497 1282 1574 exhibuerunt,

186 1597 260 1662 illas
277 1600 390 1664 laudes
402 1602 583 1666 admodum
601 1599 833 1666 imminuerint
846 1595 903 1684 15).

192 1751 194 1756 .
272 1701 435 1785 Quamvis
453 1705 554 1791 igitur
567 1704 602 1770 in
618 1702 842 1768 controversia
857 1723 927 1766 esse
941 1711 1091 1786 nequeat,
1112 1701 1283 1767 cesentio-⁴

186 1823 266 1868 rum
291 1806 413 1871 iudicia
443 1807 484 1871 de
514 1806 704 1873 Abselardo
731 1826 749 1870 a
778 1805 942 1868 maiorum
969 1804 1147 1890 asperitate
1179 1805 1282 1890 longe

189 1905 368 1983 recessisse,
385 1921 417 1975 et
432 1909 495 1974 hoc
510 1911 644 1996 quidem
660 1910 747 1974 inter
761 1928 876 1974 omnes
892 1907 1077 1980 conveniat,
1099 1929 1177 1971 eum
1190 1906 1280 1972 iusto

189 2005 307 2074 durius
330 2012 411 2076 olim
433 2023 607 2078 tractatum
628 2032 714 2091 esse3
745 2021 874 2086 tamen,
898 2031 940 2073 ne
954 2030 1124 2088 moneam,
1145 2008 1187 2072 de
1207 2008 1281 2074 eius

189 2109 289 2174 rebus
307 2125 403 2198 atque
425 2115 516 2179 libris
532 2114 682 2180 nondum
695 2112 774 2177 satis
796 2123 886 2176 certo
903 2133 972 2176 esse
985 2110 1192 2198 expositum,
1215 2109 1280 2174 hoc

188 2207 356 2299 imprimis
374 2216 564 2283 etiamnunc
586 2217 751 2282 incertum
775 2215 923 2291 videtur,
949 2224 1061 2278 utrum
1084 2211 1186 2298 magis
1202 2214 1281 2276 len·
1373 2216 1377 2221 ’

189 2310 319 2379 dandus
345 2339 388 2381 au
408 2322 613 2386 excusandus
633 2316 905 2384 defendendusve
926 2316 977 2380 sit.
1020 2314 1061 2379 Et
1082 2313 1146 2378 hoo
1167 2315 1280 2402 ipsum
1385 2341 1386 2362 ι

262 2527 305 2594 11)
323 2537 430 2600 Boyttus
443 2537 516 2592 nior.
528 2539 590 2593 hist.
609 2539 709 2592 eterit.
760 2537 829 2592 lives
844 2535 876 2588 oi
888 2534 940 2588 Ab.
960 2535 1012 2587 and
1025 2535 1086 2589 Hel.
1108 2537 1185 2588 1787.
1202 2540 1281 2588 Fess-

191 2604 251 2650 srtt.
270 2597 404 2672 Abe'tard,
430 2608 576 2676 Amboise,
602 2609 711 2661 Beren-
761 2612 798 2659 ter
826 2605 905 2658 Abiit.
939 2606 995 2656 und
1021 2605 1084 2654 Hel.
1117 2606 1170 2656 'l'tn
1200 2610 1226 2656 1.
1253 2611 1282 2658 2.

192 2681 259 2736 ger,
280 2669 418 2750 Remum,
437 2677 558 2730 lleloi'se.
573 2700 607 2718 ···
633 2681 710 2730 Cleri-

193 2754 239 2789 cus
253 2737 380 2792 Biblioth.
392 2744 523 2797 ancienne
536 2755 564 2799 et
572 2747 711 2799 moderne.

188 2805 283 2864 ¹'l'ome
299 2808 349 2864 lX.
371 2829 398 2878 p.
421 2812 471 2866 401
494 2832 551 2884 sqq.
587 2818 711 2878 Ordinus,

195 2877 303 2939 Gavius,
345 2884 516 2950 Mashemius,
568 2889 709 2951 Cromerus,

193 2946 370 3025 §amnestiam
388 2955 502 3004 Herelius
520 2953 548 3006 in
565 2953 641 3012 libris
658 2970 710 3008 no·

191 3020 250 3069 uss.
269 3020 398 3072 Semterus‘
417 3021 545 3075 historiae
568 3026 635 3076 eccl.
660 3041 710 3076 se-

192 3081 261 3137 leotn
285 3102 360 3155 capp.
389 3089 435 3143 111.
457 3107 484 3156 p.
505 3091 555 3145 135
575 3110 634 3160 sqq.
653 3094 710 3144 Ne-

192 3156 272 3207 ander
289 3158 337 3210 der
360 3158 422 3211 heit.
441 3161 589 3220 Bernhard.
611 3180 638 3226 p.
659 3163 710 3216 116

192 3245 226 3279 ·.·
236 3225 295 3278 156.
310 3229 502 3300 Liebnsrllngo
510 3246 567 3282 von
574 3232 711 3283 S.Victnr.

192 3291 277 3358 phtrr.
295 3295 325 3345 ll.
346 3298 377 3346 nb
396 3302 503 3350 Ammon
529 3300 572 3352 die
590 3299 712 3352 Fortuit-

194 3361 267 3432 dung
289 3364 335 3416 des
364 3362 527 3420 Christenth.
553 3383 604 3421 zur
621 3369 712 3424 wett-

194 3429 244 3481 rel.
264 3431 300 3489 11.
319 3437 344 3486 1.
363 3449 389 3499 p.
408 3438 460 3488 226
479 3453 537 3506 sqq.

160 3509 161 3513 ’
263 3497 309 3565 12)
339 3505 501 3572 Bruclrerus,
534 3509 711 3572 Tiedemnnuq

194 3569 319 3648 Brittios,
357 3575 546 3626 Tennemonnus
578 3575 606 3628 in
633 3575 710 3628 libris

193 3645 289 3689 notiss.

262 3705 314 3769 13)
343 3707 469 3776 Inprimis
493 3715 631 3763 Frnnclrius
656 3710 711 3764 Ar-

193 3774 258 3826 nold
269 3791 325 3828 von
339 3777 456 3831 Bresois.
469 3797 496 3847 p.
510 3781 634 3834 16-30.
657 3781 712 3832 lte·

193 3843 346 3899 centissime
376 3851 579 3903 chtsrmurtsius
610 3851 711 3919 Ειιιοιι.

194 3914 373 4042 Sittenqesoh.
391 3915 441 3985 111,
461 3924 486 3986 1,
500 3937 530 4003 p.
550 3921 585 3975 90
599 3935 657 3990 sqq.

263 3992 276 4043 1
296 3989 463 4056 >Berisum
479 3989 585 4058 history
608 3991 643 4042 nl
665 3987 719 4041 tha·

762 2678 838 2728 1806.
864 2676 991 2725 Sohtosser
1016 2673 1068 2726 Ab.
1094 2675 1149 2725 und
1167 2673 1280 2728 Dulciu.

762 2747 837 2798 1807.
856 2745 970 2795 Frericlrs
988 2743 1021 2794 de
1040 2744 1068 2792 l'.
1083 2742 1135 2800 Ab,
1156 2743 1281 2797 doctriua

761 2813 911 2886 dogmatico
929 2820 956 2863 et
972 2810 1074 2864 morati.
1099 2813 1173 2864 1827.
1208 2818 1283 2866 Fen·

761 2885 869 2934 erhocini
886 2880 1005 2932 libellus:
1027 2881 1079 2931 Ab.
1092 2897 1116 2928 ιι.
1132 2881 1194 2938 Hel.
1209 2884 1280 2935 oder

760 2953 809 3004 der
829 2951 1022 3003 Schrittstclter
1042 2965 1070 2999 ιι.
1086 2950 1134 3001 tter
1146 2951 1281 3019 Mensch3

760 3020 822 3073 eine
853 3020 936 3070 Reihe
970 3017 1160 3070 lutmoristisoh
1179 3050 1195 3062 ·
1211 3020 1282 3087 phi-

759 3092 810 3142 los.
830 3087 1015 3155 Aptiorismen.
1035 3086 1111 3140 1834.
1129 3087 1283 3158 argumenti

760 3175 834 3210 mere
854 3155 1033 3225 philosophici
1053 3166 1095 3209 est
1111 3155 1181 3218 (olr.
1199 3161 1281 3209 Finis·

761 3232 824 3278 rium
849 3227 878 3278 in
903 3226 1014 3292 Ephem.
1038 3224 1079 3276 tit.
1110 3226 1171 3278 Hal.
1199 3228 1281 3280 1835.

760 3294 815 3361 44).
829 3323 863 3334 -
881 3297 1028 3348 Rnwtinson
1047 3295 1076 3347 Ρ.
1097 3294 1148 3346 Ab.
1167 3303 1195 3347 et
1213 3297 1281 3350 Hel·

761 3365 898 3432 epistolae.
924 3364 1000 3416 1708.
1023 3365 1173 3414 Rheinwotd
1195 3380 1280 3417 aneo·

761 3435 824 3487 dota
851 3433 885 3486 sd
918 3431 981 3484 hist.
1014 3431 1079 3484 eccl.
1108 3431 1281 3498 pertinentis.

759 3504 832 3554 Part.
858 3505 888 3552 1:
924 3501 953 3552 P.
980 3499 1034 3556 Ab.
1059 3499 1180 3571 dialogus
1208 3500 1284 3556 inter

759 3571 964 3640 philosophum,
992 3570 1118 3622 tndeeum
1141 3578 1168 3623 et
1187 3569 1284 3625 Chris-

759 3641 870 3692 tianum.
893 3641 976 3698 1831.
1005 3639 1075 3690 Part.
1100 3643 1133 3690 2:
1168 3641 1198 3692 P.
1225 3641 1282 3695 Ab.

760 3705 877 3779 epitome
914 3706 1067 3778 theologiae
1102 3705 1285 3764 Christianae.
1367 3713 1385 3736 '*

761 3779 873 3914 1835⁶15¹)
883 3848 1172 3910 Boumatos-Crustas
1179 3845 1282 3900 Lehrb.

761 3917 787 3971 d.
805 3917 862 3968 chr.
875 3916 974 3987 ngg.
989 3915 1009 3966 1.
1024 3912 1076 3967 488
1088 3931 1148 3984 sqq.
1181 3919 1285 3968 Rudet·

761 3988 824 4040 teet·
836 3985 949 4040 Hieron.
964 3983 1142 4039 dovonsrols.
1158 3999 1185 4053 p.
1195 3985 1230 4038 17
1238 4001 1282 4055 sq.
