2798 4486
279 301 330 390 52

187 499 188 506 ¹
225 477 226 480 ’
281 473 377 566 Quae
402 467 528 573 quidem
555 471 685 547 memini
714 471 939 571 praecedentia
969 469 1080 560 rerba,
1107 475 1259 568 Angusti-
1369 471 1371 476 ’

280 612 342 656 nus
368 611 531 684 exponens
559 588 698 684 quodam
727 612 786 655 suo
812 599 946 656 tractatu
977 587 1023 656 de
1041 587 1259 655 misericordia

280 697 395 794 iuquite
411 699 507 794 petite
524 700 657 776 orando,
671 697 812 792 quaerite
829 695 1031 792 disputando,
1044 698 1170 793 pulsate
1184 725 1259 792 ope·

280 809 392 878 raudo.
429 808 524 878 Unde
548 825 579 879 et
600 825 698 878 artem
722 809 905 902 disputandi
926 809 1069 878 secundo
1092 809 1130 878 de
1149 809 1259 879 ordine

280 918 360 989 lilrro
387 920 502 990 ceteris
531 919 713 1013 praeferens
743 917 933 1012 disciplinis,
963 935 996 988 et
1017 937 1168 1015 tanquam
1185 906 1261 1014 ipsa

281 1021 352 1103 sola
380 1033 460 1100 sciat
487 1028 536 1110 vel
559 1029 695 1099 scientes
719 1029 829 1113 iaciat,
858 1053 930 1099 earn
953 1031 1181 1103 commendans
1203 1032 1259 1100 ait:

276 1141 493 1238 'Disciplinam
516 1140 769 1236 disciplinarum,
799 1164 894 1236 quam
924 1140 1107 1211 dialecticen
1135 1157 1261 1211 vocant.

254 1256 374 1330 'Haec
401 1257 496 1326 docet
524 1254 655 1336 docere,
682 1251 762 1321 haec
789 1252 885 1322 docet
908 1251 1039 1325 discere.
1083 1255 1120 1322 In
1144 1254 1203 1322 hac
1226 1277 1261 1321 se

273 1357 354 1466 'ipsa
376 1369 456 1438 ratio
480 1367 691 1446 demonstrat,
714 1362 790 1458 qnid
813 1364 867 1446 sit,
890 1363 966 1458 quid
988 1363 1077 1446 velit,
1100 1362 1161 1432 scit
1181 1363 1262 1431 sola.
1338 1358 1341 1362 ’
1395 1361 1396 1364 ’

177 1569 180 1580 1
286 1483 496 1574 scientesque
518 1476 623 1545 lacere
646 1500 713 1543 non
736 1473 840 1543 solum
863 1472 929 1542 vult
950 1473 1009 1542 sed
1032 1475 1126 1543 etiam
1148 1489 1263 1568 potest.

284 1595 373 1662 ldenr
400 1591 434 1658 iu
460 1589 541 1657 libro
570 1585 713 1656 secundo
745 1584 784 1652 de
813 1583 986 1654 christiana
1014 1585 1157 1654 doctrina
1191 1608 1262 1652 eam
1395 1663 1396 1670 ἵ

271 1701 459 1772 ‚admodum
482 1721 593 1767 sacrae
615 1695 745 1766 lectioni
766 1695 980 1765 necessariam
1002 1696 1192 1765 ostendens:
1211 1709 1273 1762 re-'
1338 1747 1343 1750 .
1394 1677 1396 1726 t

287 1829 386 1895 stant,
413 1790 530 1904 inquit,
560 1833 598 1878 ea
626 1829 708 1900 quae
734 1832 802 1875 nou
832 1807 873 1875 ad
903 1807 1044 1900 corporis
1067 1831 1181 1875 sensus
1204 1804 1262 1873 sed

282 1925 330 1993 ad
351 1923 507 1991 rationem
529 1917 702 2012 pertinent,
726 1917 780 1985 ubi
803 1916 1000 2010 disciplinam
1022 1933 1134 2009 regant
1155 1917 1262 2010 dispu-

268 2034 414 2105 tationis
444 2047 476 2100 et
501 2028 634 2098 numeri.
692 2026 759 2097 sed
785 2027 1009 2122 disputationis
1032 2028 1200 2121 disciplina
1221 2027 1262 2096 ad
1377 2055 1380 2062 ¹

288 2144 394 2214 omnia
417 2164 534 2234 genera
554 2138 787 2233 quaestionum,
812 2138 944 2232 quaein
963 2138 1060 2208 sacris
1076 2138 1173 2206 literis
1189 2153 1264 2206 suut

260 2314 262 2322 t
287 2252 495 2348 penetranda,
517 2249 686 2342 plurimum
707 2246 797 2319 valet.
837 2247 964 2316 Tamen
986 2248 1031 2318 ibi
1053 2247 1193 2318 cavenda
1215 2263 1264 2316 est

287 2363 386 2433 libido
414 2358 537 2426 rixandi
564 2373 596 2426 et
616 2355 744 2450 puerilis
768 2360 840 2448 (Ἠ.
857 2355 924 2446 V.)
947 2357 1104 2451 quaedum
1126 2373 1264 2428 ostenta·

288 2475 332 2542 tio
356 2467 546 2564 decipiendi
560 2466 782 2540 adversarium.
828 2465 911 2536 Sunt
933 2469 1016 2537 enim
1038 2470 1153 2552 multa,
1182 2493 1264 2562 quae

263 2569 265 2579 '
289 2581 487 2677 appellantur
509 2576 722 2672 sophismata,
744 2574 844 2651 salsae
863 2579 1086 2668 conclusiones
1106 2581 1265 2649 rationum

291 2709 322 2763 ct
335 2692 519 2786 plerumque
536 2712 627 2757 veras
642 2687 811 2771 imitantes,
825 2703 861 2756 ut
877 2715 944 2758 non
960 2691 1064 2759 solum
1080 2689 1188 2759 tardos
1204 2689 1266 2758 sed

291 2804 387 2871 etiam
409 2800 595 2892 ingeniosos
613 2799 717 2867 minus
735 2812 873 2868 attentos
889 2799 1066 2896 decipiant¹
1095 2797 1195 2889 Quod
1211 2825 1265 2892 ge·

289 2936 351 2981 nus
372 2909 587 3004 captiosarum
605 2908 845 2980 conclusionum
866 2912 1030 3006 scriptura,
1046 2926 1198 3007 quantum
1214 2936 1264 2978 ex·

189 3015 193 3023 ’
289 3022 414 3104 istimo,
443 3021 619 3095 detestatur
638 3018 693 3088 illo
716 3019 788 3090 loco
811 3021 865 3091 ubi
887 3022 1008 3094 dictum
1027 3038 1087 3100 est:
1123 3018 1191 3110 Qui
1213 3046 1265 3090 so·

290 3131 428 3226 phistice.
445 3130 599 3225 loquitur,
621 3129 746 3200 odibilis
769 3135 878 3224 cst1).
1001 3137 1044 3184 ur

377 3239 595 3312 Christian.
638 3237 742 3318 Nemo
768 3256 851 3311 certe
879 3257 1037 3326 nostram,
1067 3241 1121 3335 qui
1148 3239 1266 3308 discre-

292 3367 343 3422 tus
363 3365 419 3433 est,
440 3351 615 3420 rationibus
630 3351 726 3419 fidem
741 3351 890 3444 vestigari
909 3377 947 3422 ac
967 3353 1079 3422 discuti
1093 3366 1187 3435 vetat,
1208 3375 1268 3418 uec

192 3470 195 3476 '
291 3459 519 3536 rationabiliter
534 3461 595 3544 his,
615 3484 696 3555 quae
712 3459 807 3529 dubia
824 3460 950 3547 luerint,
971 3461 1190 3559 acquiescitur,
1206 3461 1268 3528 nisi
1359 3495 1361 3503 s

221 3577 226 3584 ’
293 3597 349 3640 cur
370 3569 639 3664 acquiescendum
660 3569 783 3640 ratione
811 3572 993 3664 praemissa.
1038 3572 1134 3662 Quae
1159 3570 1267 3648 videli·
1319 3613 1323 3618 -

293 3697 355 3764 cer,
376 3707 450 3750 cum
471 3680 516 3749 rei
538 3681 653 3750 dubiae
675 3681 769 3749 fidem
793 3680 897 3764 elficit,
918 3682 1062 3778 prolecto
1084 3683 1117 3751 id
1139 3682 1226 3778 quod
1248 3705 1268 3750 a
1292 3756 1294 3767 Α
1395 3775 1396 3786 ἵ

247 3863 251 3874 ,
293 3791 383 3860 vobis
411 3805 630 3882 argumentum
660 3790 772 3860 dicitur
799 3793 869 3884 ipsa
896 3793 941 3863 fit.
982 3795 1020 3862 ln
1042 3790 1130 3862 omui
1152 3791 1269 3885 quippe
1395 3857 1396 3870 ,

293 3900 459 3994 disciplina
478 3915 546 3969 um
568 3901 608 3971 de
629 3900 751 3995 scripto
774 3926 869 3997 quam
892 3903 931 3983 de
954 3902 1112 3974 sententia
1130 3925 1166 3976 se
1180 3902 1269 3994 iuge·
1358 3999 1361 4012 Ι
1394 3887 1396 3904 Α

294 4025 491 4042 m

187 4155 193 4171 x
285 4075 286 4078 ‘
311 4074 505 4147 munerante
526 4071 596 4145 vna,
614 4080 638 4134 1.
