2740 4486
192 443 199 533 f
245 455 443 544 lntelligant
462 452 574 539 igitur,
595 459 633 514 ut
655 448 777 513 dietum
798 457 862 526 est,
885 446 948 526 hoo
962 448 1097 516 verbnm
1111 449 1246 532 domini,

235 554 281 639 >id
293 569 417 638 estDoi
428 565 545 644 filium,
558 585 624 630 non
635 565 859 628 transitorium
867 561 1013 644 verbum,
1026 585 1094 630 uon
1103 563 1247 632 audibile

233 685 307 752 'red
328 677 575 756 intellectuale,
607 673 672 740 hoo
694 688 745 740 est
766 677 942 744 rationem,
958 679 1030 742 sive
1051 679 1247 760 sapientiam

246 809 458 866 coaeternam
485 793 581 868 Deo,
622 813 719 874 quam
749 791 904 855 convenit
932 789 997 854 diei
1025 792 1246 883 omnisapien7

245 915 345 990 tiam,
380 911 466 974 siout
501 919 536 970 et
567 904 702 970 disimus
735 905 1015 986 omnipotentiam.
1079 904 1176 971 Unde
1212 920 1247 971 et

115 1088 119 1099 ,
245 1026 400 1107 seriptum
428 1033 495 1086 ost:
526 1019 633 1084 omnis
655 1019 821 1100 sapientia
842 1040 863 1082 a
884 1017 1017 1082 domino
1039 1017 1115 1083 Deo
1139 1031 1193 1084 est
1213 1031 1248 1084 et

246 1162 318 1207 oum
338 1141 411 1219 ipso
432 1135 494 1200 luit
516 1155 656 1217 semper.
702 1130 768 1208 Qui
790 1136 890 1197 etiam
912 1135 946 1197 in
960 1131 1047 1197 libro
1061 1133 1245 1214 sapientiae

243 1273 342 1319 verus
363 1249 430 1315 Dei
464 1250 582 1314 dicitur
610 1247 699 1310 filius
730 1257 764 1310 et
790 1245 1020 1312 substantialis
1045 1256 1247 1312 monstretur

244 1367 287 1432 ad
309 1363 527 1428 differentiam
546 1359 676 1425 scilieet
688 1360 916 1441 adoptivorum
936 1359 1092 1440 filiorum,
1115 1361 1156 1426 de
1174 1361 1245 1444 qui-

235 1479 306 1543 bua
328 1499 388 1561 per
407 1473 687 1560 praedicationem
710 1474 781 1556 ejus
803 1472 878 1538 Deo
900 1475 1068 1556 acquisitis
1089 1473 1245 1556 seriptum

246 1603 316 1670 est,
353 1597 512 1675 quotquot
534 1597 644 1650 antem
664 1596 860 1667 receperunt
882 1606 967 1664 enm,
1003 1586 1093 1652 dedit
1115 1589 1164 1650 eis
1185 1607 1245 1668 po-

245 1714 400 1769 testatem
420 1699 509 1765 lilios
521 1698 587 1765 Dei
607 1699 694 1763 fieri.
729 1697 785 1762 Sia
799 1700 930 1782 quippe,
953 1719 1025 1762 oum
1042 1700 1116 1783 ejus
1131 1703 1244 1782 passio

243 1820 279 1884 in
292 1815 461 1899 Sapientia
472 1811 647 1880 manifeste
664 1810 925 1895 prophetaretur,
947 1813 1035 1876 inter
1052 1823 1186 1878 caetera
1201 1811 1244 1878 ab

244 1933 354 2016 impiis
377 1930 497 1994 dietum
520 1940 583 2006 eet,
608 1929 637 1991 si
659 1927 746 1991 enim
769 1939 821 1992 est
834 1949 931 1992 verns
945 1925 1034 1992 filius
1047 1925 1125 2009 Dei,
1158 1930 1245 1992 nsci-

242 2047 312 2132 piet
334 2064 408 2108 enm
430 2054 465 2107 et
490 2038 645 2106 liberabit
672 2040 713 2104 de
734 2061 833 2106 mann
855 2042 1100 2106 contrariorum.
1148 2040 1245 2106 Hane

244 2171 278 2223 et
307 2170 420 2240 aparte
451 2156 681 2241 cognationem
707 2153 880 2237 profitetur
906 2166 1024 2222 sancta
1054 2156 1163 2220 anima
1184 2177 1255 2238 per,

117 2279 119 2286 ‘
228 2273 353 2339 ·Deum
384 2269 621 2338 liberatarum
653 2271 689 2336 in
711 2267 939 2334 eeclesiastico
963 2267 1060 2336 dioit:
1091 2271 1244 2335 invocari

242 2385 351 2451 Deum
371 2393 497 2468 patrem
520 2382 643 2446 domini
665 2382 742 2464 mei,
763 2394 800 2446 ut
820 2403 887 2446 non
908 2379 1113 2467 derelinquat
1133 2403 1187 2450 ma
1208 2383 1243 2447 in

231 2499 298 2564 die
319 2495 543 2562 tribulationis
564 2515 671 2561 meae.

648 2706 698 2773 Ca
718 2719 755 2772 ut
774 2705 838 2774 XI.

241 2825 363 2906 Probat,
386 2823 568 2898 philosophos
585 2839 639 2880 neo
660 2730 769 2890 ruhte,
790 2838 845 2880 neo
861 2823 1017 2894 cognitione
1032 2821 1166 2878 trinitatis
1182 2837 1244 2878 oar·

310 2928 398 2984 niara

328 3061 423 3132 Nunc
445 3073 555 3127 autem
574 3075 651 3144 pont
673 3061 863 3126 testimonia
874 3059 1106 3145 prophetarum
1121 3063 1163 3128 de
1176 3059 1243 3125 fide
1322 3065 1325 3072 “

111 3170 113 3176 ’
242 3175 377 3244 sanetae
398 3176 574 3255 trinitatis,
593 3171 678 3240 libet
700 3177 799 3241 etiam
822 3176 1010 3240 testimonia
1029 3173 1242 3260 philosopho·

241 3311 314 3358 rum
344 3287 549 3372 subponere,
566 3291 665 3372 ‘qnos
698 3286 741 3352 ad
770 3289 868 3352 nnius
890 3285 957 3352 Dei
985 3286 1242 3372 intelligentiam

242 3409 398 3484 (tan)tum
418 3407 491 3485 ipsa
511 3399 742 3485 philosophiae
764 3403 847 3467 ratio
870 3400 1033 3482 perduxit,
1060 3420 1125 3484 qua
1142 3402 1243 3484 juxta

232 3513 427 3600 ¹apostolum
456 3511 640 3580 invisibilla
666 3515 770 3597 ipsius
801 3511 868 3577 Dei
900 3533 921 3578 a
949 3523 1099 3576 ereatura
1130 3509 1243 3577 mundi

241 3649 301 3712 per
324 3649 365 3692 ea
386 3645 471 3711 qnae
492 3625 582 3690 iacta
603 3636 678 3688 runt
697 3623 870 3692 intellaota
892 3626 1152 3709 conspiciuntur,
1175 3635 1242 3688 tum
1361 3635 1362 3668 l

241 3742 342 3806 etiam
369 3741 444 3822 ipsa
472 3741 669 3804 continentis
696 3740 785 3804 vitae
812 3736 975 3804 sobrietas
999 3737 1141 3822 quodam
1171 3737 1243 3819 ejus
1361 3759 1362 3774 ι

242 3854 361 3920 merito
391 3854 428 3920 id
454 3853 560 3940 iprum
594 3854 781 3939 aequisivit.
825 3852 1012 3938 Oportebat
1038 3854 1177 3937 qnippe,
1207 3859 1245 3916 ut

243 3977 322 4034 tuno
343 3967 443 4034 suam
469 3968 505 4033 in
533 3969 615 4052 ipsis
640 3969 870 4056 praesignaret
891 3965 986 4034 Dent
1018 3985 1078 4050 per
1110 3962 1243 4048 aliquod
