2798 4486
1094 239 1142 318 27

139 413 216 487 mei.
261 410 305 482 Et
326 411 442 482 iterum
461 415 510 508 ²):
543 410 617 506 Ego
641 411 792 482 domlnus
815 411 871 508 qui
893 411 1061 483 sanctifico
1084 437 1143 484 vos

23 579 26 594 .
141 541 176 596 et
205 524 300 594 eduxi
329 525 370 594 de
384 524 483 594 'terra
505 523 641 621 Egypti,
670 540 705 593 ut
728 549 834 594 essem
857 523 949 594 vobis
972 525 1006 593 in
1031 526 1144 613 deum3

144 652 179 709 et
206 663 334 726 rursum
354 646 404 728 ²):
450 635 486 706 si
517 637 550 706 iu
584 637 767 733 praeceptis
797 635 877 730 meis
907 636 1144 710 ambulaveritis

143 774 267 846 ponam
291 749 538 820 tabernaculum
560 775 670 819 meum
692 750 725 818 iu
748 746 857 818 medio
880 748 993 833 uestri,
1021 764 1055 820 et
1075 777 1145 820 non

143 863 274 956 abjiciet
301 889 361 933 vos
390 862 499 938 anima
521 885 612 946 mea3
646 877 679 932 et
707 861 782 932 alibi
801 865 860 962 ³):1
887 859 973 951 Quis
997 862 1068 947 det,
1096 862 1150 932 in—

144 975 224 1069 quit,
246 974 346 1045 talem
368 999 427 1045 eos
446 974 565 1044 hahere
588 991 731 1044 mentem
753 989 789 1042 ut
811 975 946 1043 timeant
962 1000 1015 1044 me
1039 989 1072 1044 et
1089 1001 1146 1044 cu-

142 1086 290 1157 stodiant
318 1088 471 1156 universa
502 1087 657 1156 mandata
692 1110 782 1166 mea,
817 1086 852 1155 iu
881 1085 970 1156 omni
999 1102 1145 1182 tempore

46 1286 54 1298 ἱ
141 1217 180 1270 nt
201 1200 286 1271 hene
310 1200 352 1269 sit
375 1199 431 1282 eis,
454 1213 487 1268 et
504 1197 575 1267 liliis
594 1225 707 1268 eorum
724 1199 758 1270 in
775 1198 1018 1292 sempiternom.
1055 1198 1146 1269 Evae

143 1304 257 1407 aperte
276 1311 426 1382 domiuus
442 1312 620 1406 profitetur,
644 1338 683 1380 ex
700 1311 884 1382 obedientia
903 1310 1012 1404 legum
1026 1311 1147 1406 sempi·
1165 1379 1167 1382 .

142 1440 271 1494 temam
285 1423 593 1524 remunerationem,
608 1449 677 1495 non
694 1449 778 1520 quae
796 1424 894 1492 linem
909 1421 1018 1492 habet.
1050 1423 1147 1520 llloy·
1252 1411 1254 1418 Α

141 1559 198 1606 ses
222 1523 320 1606 etiam
342 1534 537 1632 postillam,
560 1560 658 1630 quam
680 1561 780 1631 supra
801 1534 976 1607 meministi
997 1561 1146 1607 remune-

140 1647 306 1717 rationem
329 1665 500 1731 terrenam,
523 1647 584 1732 his,
608 1648 663 1745 qui
684 1647 791 1744 legem
811 1645 1007 1731 custodiunt,
1031 1646 1147 1743 adjun-

141 1759 197 1839 xit,
221 1760 473 1830 misericordiam
497 1761 544 1830 eis
567 1762 701 1856 insuper
722 1785 743 1828 a
766 1759 829 1831 deo
852 1758 1063 1854 implendam,
1087 1783 1152 1854 pa7

143 1879 250 1942 tenter
264 1893 267 1898 ·
281 1871 379 1941 aliam
410 1873 506 1943 nobis
537 1897 634 1970 quam
664 1871 825 1942 terrenam
852 1871 1148 1944 remunerationem

144 1982 314 2078 pollicens.
360 1982 446 2054 Cum
470 1986 556 2055 enim
575 1983 795 2080 praemiserit,
828 1998 861 2052 et
882 1983 966 2051 bene
991 1982 1032 2052 sit
1054 1974 1147 2054 volsis¹

145 2095 271 2164 cunctis
300 2095 432 2181 diebus,
460 2097 544 2167 vitae
567 2095 801 2190 vestraesicut
823 2109 873 2162 est
895 2093 1010 2179 hodie,
1038 2095 1149 2165 statim

24 2234 31 2248 ·
144 2206 367 2297 adnexuit-⁴):
401 2208 524 2304 eritque
553 2209 656 2279 nostri
685 2205 867 2276 misericors
899 2205 927 2275 si
957 2206 1148 2276 custodieri-

142 2345 218 2389 mus
248 2337 280 2390 et
306 2319 477 2390 fecerimus
509 2321 619 2392 omnia
646 2335 823 2415 praecepta
853 2320 922 2411 ejus
952 2318 1034 2387 sicut
1056 2345 1148 2387 man·

144 2433 235 2502 davit
256 2433 363 2522 nobis,
390 2449 423 2502 et
445 2433 638 2530 quibusdam
661 2430 873 2526 interpositis,
899 2454 974 2498 cum
998 2430 1147 2501 dixisset:

143 2561 175 2616 te
200 2545 298 2638 elegit
320 2545 470 2616 dominus
494 2563 530 2615 ut
552 2545 596 2614 sis
621 2544 651 2613 ei
664 2543 805 2638 populus
820 2541 994 2638 peculiaris
1013 2543 1053 2612 de
1071 2568 1148 2611 cun·

145 2657 207 2730 ctis
230 2658 379 2753 populis,
408 2639 527 2754 adjecit
540 2657 699 2728 inferius:
729 2671 760 2726 et
780 2662 813 2744 ⁵)
837 2654 920 2724 scies
939 2654 1020 2750 -quia
1044 2654 1149 2724 domi·

145 2795 210 2839 nus
234 2769 315 2840 dens
338 2787 414 2843 tuus
441 2773 511 2868 ipsc
542 2766 623 2842 dedis
650 2768 743 2838 fortis
768 2783 800 2837 et
821 2765 927 2836 fidelis
951 2766 1148 2852 costodiens,

146 2888 222 2970 (¹9.
237 2882 303 2972 V.)
329 2901 463 2979 paetum
488 2900 520 2954 et
547 2880 803 2952 misericordiam
825 2878 1032 2972 diligentibus
1056 2905 1092 2948 se
1117 2894 1150 2948 et

146 2993 197 3064 his
217 2995 280 3091 qni
303 2997 490 3090 custodiunt
511 3011 687 3091 praecepta
709 2996 778 3093 ejus
800 2993 834 3061 in
856 2990 943 3060 mille
965 2990 1148 3082 generatio·

145 3132 218 3177 nes.
247 3105 360 3196 Quam
378 3108 555 3204 perfectam
574 3124 682 3178 autem
702 3105 754 3175 dei
773 3121 828 3174 aut
848 3102 987 3200 proximi
1004 3099 1149 3170 dilectio·

145 3245 225 3296 uem
239 3219 271 3288 in
287 3221 402 3316 quibus
416 3221 521 3316 legem
532 3220 713 3290 naturalem
727 3213 998 3287 consistere-dicis
1012 3212 1062 3282 lex
1075 3213 1150 3308 ipsa
1182 3310 1184 3314 Ι

144 3331 325 3428 praecipiat
344 3326 412 3405 uon
430 3350 462 3405 te
481 3359 551 3404 rem
570 3333 707 3427 (reor‘l)
725 3331 837 3401 latere.
883 3327 1009 3422 Legem
1028 3325 1149 3424 quippe
1199 3315 1202 3322 ¹

144 3493 349 3509 w

163 3575 413 3649 1)Lev.x1‚ts.

161 3685 466 3770 2)Levp.xxttt‚wll.
532 3707 534 3714 ’

163 3799 199 3870 3)
216 3798 298 3857 Dent.
314 3797 354 3868 V,
370 3800 414 3855 29.

164 3910 200 3981 4)
216 3905 297 3967 Dent.
315 3906 367 3976 Vl,
384 3910 434 3976 Μ,
451 3911 523 3973 25.,

42 4019 45 4022 ’
165 4018 201 4090 5)
218 4017 299 4077 Deut.
316 4017 380 4090 VII,
398 4022 424 4076 6.
441 4020 466 4076 9.
