2798 4486
1083 245 1228 320 71,

133 421 191 478 tuo
213 405 366 496 relaxare,
391 433 457 504 quo
478 405 584 498 fedol.
600 411 654 486 34.
669 407 819 500 Petuntur
842 412 885 482 ad
906 412 1065 509 propositi
1084 413 1131 484 tui

26 573 32 599 2
132 535 254 588 metam
280 520 449 614 pervenias
478 537 511 590 et
541 521 583 593 de
613 524 858 596 consumatioue
888 525 997 622 operis
1025 526 1131 597 verius

133 646 230 729 atque
259 631 433 726 perfectius
469 633 637 726 dijudicari
673 660 785 729 queas.
845 627 993 709 Ostenso
1021 636 1151 734 itaque*

134 742 211 839 qnid
234 759 270 812 tu
292 769 454 814 summum
475 745 616 833 bominis
640 746 761 818 bonum
780 773 839 818 seu
855 775 1015 850 summum
1028 749 1131 844 ipsius
1193 815 1206 836 χ

8 939 9 950 ἶ
132 853 372 982 malurndicas,
395 875 543 952 superest
558 874 594 925 ut
614 857 672 927 has
693 885 823 955 quoque
842 887 964 944 eorum,
987 886 1068 957 quas
1085 861 1132 930 di-

12 1019 14 1024 x
131 965 206 1036 xisti
227 967 312 1052 vias,
339 969 472 1038 virtutes
498 969 625 1039 seilicet
644 995 683 1041 ac
705 972 781 1041 vitia
803 971 974 1066 diligenter
997 972 1131 1042 definias
1197 1062 1199 1067 ,

131 1094 229 1174 atque
253 1079 442 1174 distinguas,
469 1097 505 1150 ut
526 1081 578 1152 vel
600 1099 795 1178 appetantur
816 1083 867 1155 vel
886 1085 1042 1169 vitentur,
1065 1109 1131 1179 quo

131 1190 248 1262 melius
272 1209 525 1284 cognormcuntut

220 1302 377 1378 Philus.
422 1304 597 1389 Virtus,
587 1307 752 1418 inquiunt,
787 1324 836 1381 est
869 1263 998 1377 babitus
1033 1305 1133 1376 animi

15 1511 21 1516 q
133 1415 288 1509 optimus,
310 1415 357 1485 sic
381 1444 398 1485 e
422 1417 584 1511 contrario
607 1419 719 1488 vitium
741 1419 878 1489 arbitror
900 1444 972 1488 esse
988 1418 1133 1490 habitum

131 1526 234 1595 animi
256 1527 451 1625 pessimum,
481 1529 624 1599 habitum
648 1557 724 1600 vero
749 1532 835 1600 hunc
857 1531 1009 1616 dicimus,
1036 1556 1133 1628 quem

132 1638 326 1712 Aristoteles
354 1639 387 1708 in
418 1641 589 1734 categoriis
618 1642 776 1728 distinxit,
806 1670 880 1713 cum
907 1643 941 1712 in
964 1643 1078 1712 habitd
1102 1659 1134 1713 et

132 1743 348 1846 dispositione
371 1752 507 1846 primam
531 1753 692 1849 qualitatis
715 1756 858 1850 speciem
876 1754 1133 1850 comprehendit.

131 1861 226 1932 Est
216 1863 315 1956 igitur
336 1863 463 1932 habitus
487 1865 625 1960 qualitas
648 1867 696 1935 rei
718 1893 787 1936 uon
813 1865 1035 1937 naturaliter'
1025 1866 1133 1950 insita,

131 1975 192 2046 sed
216 1975 324 2044 studio
349 1999 386 2044 ac
411 1958 642 2046 deliberatione
665 1978 849 2073 conquisita
872 1995 904 2047 et
919 1973 1047 2048 difficile
1062 2003 1133 2047 mo·

131 2087 217 2158 bilis
275 2086 373 2156 Unde
402 2088 504 2171 banc,
539 2113 636 2184 quam
665 2089 883 2159 naturalem
874 2115 908 2156 ru
938 2088 1133 2184 quibusdam

134 2200 315 2270 castitatem
344 2199 531 2284 nominant,
561 2227 599 2271 ex
622 2201 768 2296 corporis
791 2200 941 2270 videlicet
961 2198 1133 2291 frigiditate

131 2313 185 2384 vel
209 2312 315 2407 aliqua
331 2311 568 2405 complectione
584 2329 728 2396 naturae,
752 2338 835 2408 quae
851 2312 973 2381 nullam
989 2335 1134 2407 unquam
1195 2339 1200 2356 ¹

130 2424 414 2518 concupiscentiae
440 2450 585 2518 pugnam
606 2426 761 2510 sustinet,
791 2425 831 2494 de
862 2449 926 2520 qua
947 2423 1132 2523 triumphet,

130 2565 195 2608 nec
218 2536 367 2606 meritum
390 2535 523 2621 obtinet,
546 2561 753 2632 nequaquam
768 2537 936 2606 virtutibus
955 2556 1132 2612 connume-

130 2673 258 2732 ramus,
285 2648 336 2718 vel
365 2672 582 2743 quaecunque
608 2649 707 2721 animi
736 2649 907 2746 qualitates
936 2645 1032 2716 facile
1056 2661 1133 2716 sunt

130 2761 282 2833 mobiles.
338 2760 406 2834 Ubi
441 2761 563 2856 quippe
588 2786 656 2830 non
684 2778 735 2831 est
763 2762 871 2858 aliqua
897 2759 1131 2855 repugnantiae

131 2900 258 2972 pugna,
290 2899 359 2943 non
382 2890 432 2942 est
454 2872 636 2966 superantis
665 2873 787 2944 virtutis
810 2896 947 2969 corona,
980 2873 1070 2963 juxta
1094 2868 1132 2937 il·

130 2986 190 3055 lud
213 2986 309 3056 etiam
331 2985 442 3078 magni
464 2984 560 3053 vestri
581 2985 784 3080 philosophi:
823 2983 899 3056 Nou
923 2981 1133 3052 coronabitur

135 3098 190 3194 qui
216 3124 284 3170 non
307 3096 450 3190 legitime
479 3098 646 3165 certaverit
670 3104 712 3188 ¹).
757 3097 844 3168 Hinc
874 3111 906 3166 et
927 3094 1006 3166 illud
1028 3093 1130 3187 ipsius

132 3210 360 3305 philosophiae
390 3209 432 3278 ad
454 3208 632 3278 Boethium
660 3209 694 3276 in
721 3207 804 3276 libro
834 3221 949 3302 quarto
980 3205 1129 3277 consola-

131 3323 231 3396 tionis
254 3346 351 3394 suaet
378 3321 426 3393 Ex
451 3347 515 3419 quo
540 3321 637 3392 etiam
658 3321 929 3401 visurorum,
952 3318 1041 3419 quod
1062 3318 1130 3388 suis

76 3489 85 3502 ,
133 3433 253 3502 viribus
276 3432 382 3502 nitens
406 3459 475 3502 nort
496 3449 667 3527 superetur
689 3431 850 3519 adversis,
878 3429 929 3498 hic
952 3431 1047 3498 etiam
1069 3430 1131 3498 vir-
1188 3443 1190 3448 '
1269 3453 1273 3466 ¹

133 3562 235 3615 tutem
258 3570 388 3614 omnem
412 3535 540 3614 difficile
563 3543 717 3614 mobilem
741 3567 814 3612 esse
836 3566 911 3611 rens
929 3548 977 3632 ²),
1001 3541 1130 3610 cum‘in

133 3655 300 3751 praedicto
328 3657 489 3754 qualitatis
517 3672 652 3762 tractatu
674 3653 883 3725 Aristotelem
906 3655 974 3743 (34.
997 3651 1056 3743 V.)
1079 3679 1130 3722 ex·

38 3783 42 3786 ·
134 3783 288 3867 poneret,
308 3769 463 3850 scientias
485 3785 518 3838 et
537 3767 669 3864 virtutes
691 3765 775 3838 iuter
796 3765 926 3844 habitus
948 3763 1130 3854 collocans3
1191 3795 1193 3800 ·

137 4018 185 4088 ⁴1)
203 4022 222 4076 2
240 4015 308 4077 'lim
326 4014 361 4088 11,
376 4023 402 4077 b.
466 4016 503 4092 2)
519 4017 583 4092 lega
605 4034 731 4074 assereus.
