2774 4486
1069 261 1149 337 118

92 432 96 440 ’
140 441 177 506 in
204 437 332 522 futuro„
350 433 548 520 expiandum
583 433 798 526 relinquatur.
852 431 1146 520 Quantumcunque

142 551 305 636 siquidem
326 549 437 616 futura
456 571 566 634 poena
586 569 689 632 parva
716 547 895 629 subsistat,
928 546 1075 633 qualibet
1096 560 1145 615 ta·

141 686 217 730 men
239 663 337 748 hujus
359 665 449 728 vitae
482 662 678 750 gravissima
706 663 839 750 gravior
870 682 946 727 essa
975 663 1147 730 contendi-

141 791 205 844 tur.
251 778 416 853 Quantum
448 780 550 865 igitur
577 763 676 862 bujirs
708 779 798 843 vitae
819 777 1007 842 satisfactio
1030 799 1145 844 neces·

57 897 60 904 '
142 896 232 959 saria
252 897 316 972 sit,
349 915 393 956 ex
414 892 594 974 praedictis
614 891 758 974 pleniter
772 889 951 973 probatum
975 911 1051 955 esse
1073 893 1146 956 exi·

142 1007 253 1075 ¹stimo.
296 1006 394 1084 Quod
415 1027 496 1070 vero
518 1003 673 1092 gehenna
694 1005 833 1069 remissa
853 1025 961 1087 poena
983 1003 1147 1087 tempora·

85 1129 88 1140 “
141 1121 220 1188 liter
242 1123 383 1199 existat,
413 1121 449 1183 in
471 1118 669 1202 baptismate
691 1117 865 1203 manifeste
888 1129 1040 1200 apparat,
1070 1118 1146 1202 quia

143 1256 216 1300 cum
237 1233 285 1299 ibi
307 1232 472 1321 gehenna,
496 1253 580 1316 quae
594 1253 653 1313 pro
667 1230 823 1319 originali
835 1244 985 1313 peccato,
1008 1231 1146 1297 dimissa

142 1350 206 1429 sit,
236 1357 348 1413 manet
368 1359 478 1414 tamen
501 1344 674 1410 dissolutio
698 1346 863 1428 corporis,
896 1355 1009 1408 manet
1030 1356 1065 1407 et
1086 1364 1145 1409 nu-

142 1483 274 1528 merosa
303 1461 488 1525 defectuum
518 1457 704 1525 multitudo.
748 1456 845 1524 Unde
867 1456 1073 1544 Augustinus
1104 1456 1146 1522 de
1224 1450 1226 1458 ’

145 1577 271 1663 origine
292 1575 439 1659 peccati:
473 1573 611 1652 transit,
640 1573 766 1657 inquit,
789 1583 902 1652 reatu,
925 1583 1037 1638 manet
1058 1583 1145 1637 actu.

144 1686 243 1767 Quod
265 1710 331 1752 non
365 1685 473 1752 solnm
503 1682 546 1749 ob
575 1684 648 1771 jam
680 1679 802 1750 dictam
830 1707 965 1750 causam
995 1688 1147 1777 contigit,

144 1803 204 1868 sed
225 1813 261 1866 nt
282 1802 369 1866 idem
391 1801 441 1866 ait
460 1800 684 1887 Augustinus,
719 1821 828 1883 poena
853 1802 921 1865 ista
946 1799 986 1866 fit
1008 1804 1147 1868 materia

144 1913 350 1981 exercendae
374 1914 514 1979 virtutis.
559 1911 677 1978 Omnis
713 1914 830 1998 quippe
857 1906 962 1978 uirtus
992 1917 1027 1980 in
1054 1913 1147 1982 infir·

143 2027 257 2094 mitate
285 2026 464 2110 perficitur.
515 2025 676 2091 Remanet
705 2047 835 2112 quoque
866 2025 929 2091 bae
964 2027 1005 2092 de
1034 2048 1147 2111 causa,

144 2151 181 2205 ut
202 2141 248 2205 ait
269 2141 358 2206 idem
378 2140 603 2227 Augustinus,
633 2161 674 2203 ne
702 2131 823 2227 aliquis
853 2140 896 2203 ad
918 2137 1073 2223 baptismi
1093 2162 1148 2208 sa·

145 2261 397 2334 crementorum)
410 2254 451 2317 ad
459 2254 646 2335 praesentis
659 2254 747 2317 vitae
760 2251 1041 2321 immortalitatem
1052 2275 1149 2322 acce·

144 2368 238 2435 deret
258 2381 292 2433 et
314 2390 380 2433 non
401 2380 534 2452 propter
556 2364 683 2446 Deum,
715 2377 748 2431 et
770 2367 819 2431 sic
842 2388 904 2432 nec
925 2371 1023 2433 istam
1045 2345 1149 2437 uitam

145 2481 243 2568 digna
266 2479 404 2547 haberet
433 2503 494 2544 nec
526 2478 569 2544 ad
600 2491 768 2544 aeternam
790 2485 988 2561 perveniret.
1033 2479 1148 2547 Scien-

145 2595 222 2661 dum
244 2616 391 2687 quuque,
425 2595 513 2678 qnod
541 2615 584 2659 en
605 2606 742 2677 peccata
762 2595 853 2678 prius
875 2595 1012 2660 dimissa
1031 2607 1151 2680 postea

145 2707 302 2787 redeant,
326 2711 375 2787 (a)
396 2705 564 2791 plerisque
587 2707 774 2795 ambiguum
795 2708 943 2775 videturc
967 2710 1052 2793 qnod
1077 2708 1148 2794 qui·

145 2818 221 2885 dem
242 2841 287 2907 ert
307 2819 370 2884 illa
390 2817 584 2901 parabolica
606 2821 821 2889 similitudine
836 2821 967 2906 quidam
983 2821 1150 2887 affinnare

145 2937 310 2999 nituntur:
343 2931 445 2996 Serve
468 2953 627 3015 nequam,
658 2954 754 3000 omne
778 2932 922 2999 debitum
941 2935 1055 3008 dimisi
1076 2934 1148 3001 tibi.

146 3046 253 3131 Super
274 3044 360 3111 hunc
382 3045 543 3130 siquidem
563 3044 742 3111 locumait
758 3046 1000 3132 Hieronymus:
1025 3047 1062 3112 Si
1079 3069 1150 3114 non
1268 3072 1276 3096 s

145 3159 363 3226 dimiserimus
386 3181 430 3224 ex
453 3157 573 3240 corde,
602 3159 688 3242 quod
715 3162 749 3222 in
773 3160 868 3225 nobis
891 3159 1093 3246 delinquitur
1115 3173 1149 3226 et

144 3271 210 3338 boc
231 3274 318 3358 quod
338 3295 402 3356 par,
416 3273 852 3355 poenitentiamdimiesum
881 3287 974 3355 erat,
1009 3296 1030 3340 a
1051 3272 1147 3340 nobis

145 3388 303 3472 exigitur.
346 3385 438 3451 Idem
460 3405 588 3470 quoque
609 3384 727 3450 beatus
747 3384 928 3474 Gregorius
949 3389 984 3452 in
1008 3387 1148 3474 quadam
1254 3441 1258 3446 .

104 3583 109 3592 .
145 3499 284 3567 bomilia
305 3501 364 3564 ait.
410 3498 477 3564 Sed
511 3501 560 3564 sic
589 3498 687 3563 debet
718 3499 883 3586 intelligi,
919 3502 1006 3584 qnod
1035 3499 1148 3566 dicunt

145 3613 188 3679 da
208 3615 318 3679 reditu
339 3597 482 3696 peccati}
517 3612 678 3678 Peccator
705 3613 762 3692 fit,
792 3615 887 3709 sicut
899 3615 988 3696 prius
1011 3625 1084 3679 erat
1113 3624 1149 3679 et

144 3729 187 3795 de
209 3726 444 3816 ingratitudine
475 3726 723 3794 nrisericordiae
752 3726 817 3793 sibi
844 3729 1012 3812 impensae
1040 3729 1148 3814 magis

143 3862 221 3907 rcus
244 3840 396 3908 efficitur.
431 3839 475 3906 Et
496 3821 636 3922 honest,
659 3841 744 3926 quod
766 3842 815 3906 ait
834 3843 871 3907 in
891 3839 953 3906 illa
972 3839 1145 3925 parabola,
1220 3867 1222 3872 ¹

143 3973 254 4022 nonne
276 3955 420 4039 oportuit
444 3965 478 4020 et
502 3966 536 4022 te
557 3957 707 4022 misereri
734 3955 887 4022 conservi
908 3955 975 4033 tui,
1006 3953 1093 4020 sicut
1114 3963 1147 4018 et

917 4073 936 4132 8
