<?xml version="1.0" encoding="UTF-8"?>
<!DOCTYPE html PUBLIC "-//W3C//DTD XHTML 1.0 Transitional//EN"
    "http://www.w3.org/TR/xhtml1/DTD/xhtml1-transitional.dtd">
<html xmlns="http://www.w3.org/1999/xhtml" xml:lang="en" lang="en">
 <head>
  <title>
</title>
<meta http-equiv="Content-Type" content="text/html;charset=utf-8" />
  <meta name='ocr-system' content='tesseract 3.04.00' />
  <meta name='ocr-capabilities' content='ocr_page ocr_carea ocr_par ocr_line ocrx_word'/>
</head>
<body>
  <div class='ocr_page' id='page_1' title='image "./dialogusinterph00abelgoog_0081.png"; bbox 0 0 2798 4486; ppageno 0'>
   <div class='ocr_carea' id='block_1_1' title="bbox 1086 327 1135 400">
    <p class='ocr_par' dir='ltr' id='par_1_1' title="bbox 1086 327 1135 400">
     <span class='ocr_line' id='line_1_1' title="bbox 1086 327 1135 400; baseline 0 0"><span class='ocrx_word' id='word_1_1' title='bbox 1086 327 1135 400; x_wconf 82' lang='lat'><strong>63</strong></span> 
     </span>
    </p>
   </div>
   <div class='ocr_carea' id='block_1_2' title="bbox 153 489 1134 587">
    <p class='ocr_par' dir='ltr' id='par_1_2' title="bbox 153 489 1134 587">
     <span class='ocr_line' id='line_1_2' title="bbox 153 489 1134 587; baseline 0.001 -21"><span class='ocrx_word' id='word_1_2' title='bbox 153 496 301 566; x_wconf 79' lang='lat' dir='ltr'>corrixari</span> <span class='ocrx_word' id='word_1_3' title='bbox 329 495 487 566; x_wconf 87' lang='lat' dir='ltr'><strong>convenit</strong></span> <span class='ocrx_word' id='word_1_4' title='bbox 532 489 655 576; x_wconf 87' lang='lat' dir='ltr'><strong>Ne,</strong></span> <span class='ocrx_word' id='word_1_5' title='bbox 628 517 655 561; x_wconf 80' lang='lat' dir='ltr'><strong>si</strong></span> <span class='ocrx_word' id='word_1_6' title='bbox 684 513 747 586; x_wconf 88' lang='lat' dir='ltr'><strong>qua</strong></span> <span class='ocrx_word' id='word_1_7' title='bbox 774 491 881 562; x_wconf 87' lang='lat' dir='ltr'><strong>minus</strong></span> <span class='ocrx_word' id='word_1_8' title='bbox 903 495 1036 587; x_wconf 82' lang='lat' dir='ltr'><strong>provide</strong></span> <span class='ocrx_word' id='word_1_9' title='bbox 1058 521 1134 567; x_wconf 91' lang='lat' dir='ltr'><strong>con·</strong></span> 
     </span>
    </p>
   </div>
   <div class='ocr_carea' id='block_1_3' title="bbox 41 597 1311 710">
    <p class='ocr_par' dir='ltr' id='par_1_3' title="bbox 41 597 1311 710">
     <span class='ocr_line' id='line_1_3' title="bbox 41 597 1311 710; baseline -0.004 -31"><span class='ocrx_word' id='word_1_10' title='bbox 41 597 43 600; x_wconf 28' lang='lat'>⁵</span> <span class='ocrx_word' id='word_1_11' title='bbox 152 608 324 690; x_wconf 86' lang='lat' dir='ltr'><strong>ceduntur,</strong></span> <span class='ocrx_word' id='word_1_12' title='bbox 353 607 429 675; x_wconf 89' lang='lat' dir='ltr'><strong>hinc</strong></span> <span class='ocrx_word' id='word_1_13' title='bbox 456 631 544 710; x_wconf 81' lang='lat' dir='ltr'><strong>eum,</strong></span> <span class='ocrx_word' id='word_1_14' title='bbox 573 630 640 698; x_wconf 85' lang='lat' dir='ltr'><strong>qm</strong></span> <span class='ocrx_word' id='word_1_15' title='bbox 619 602 758 672; x_wconf 88' lang='lat' dir='ltr'><strong>doceri</strong></span> <span class='ocrx_word' id='word_1_16' title='bbox 780 602 830 672; x_wconf 91' lang='lat' dir='ltr'><strong>vel</strong></span> <span class='ocrx_word' id='word_1_17' title='bbox 852 602 968 675; x_wconf 88' lang='lat' dir='ltr'><strong>docere</strong></span> <span class='ocrx_word' id='word_1_18' title='bbox 990 606 1162 694; x_wconf 61' lang='lat' dir='ltr'><strong>intendit„</strong></span> <span class='ocrx_word' id='word_1_19' title='bbox 1239 676 1241 686; x_wconf 75' lang='grc'><em>,</em></span> <span class='ocrx_word' id='word_1_20' title='bbox 1288 647 1311 666; x_wconf 48' lang='lat'><strong>·¹</strong></span> 
     </span>
    </p>
   </div>
   <div class='ocr_carea' id='block_1_4' title="bbox 53 697 1217 1700">
    <p class='ocr_par' dir='ltr' id='par_1_4' title="bbox 53 697 1136 1142">
     <span class='ocr_line' id='line_1_4' title="bbox 53 697 1136 815; baseline 0.001 -28"><span class='ocrx_word' id='word_1_21' title='bbox 53 809 57 815; x_wconf 23' lang='grc' dir='ltr'>Ι</span> <span class='ocrx_word' id='word_1_22' title='bbox 154 717 393 788; x_wconf 88' lang='lat' dir='ltr'><strong>erubescentiae</strong></span> <span class='ocrx_word' id='word_1_23' title='bbox 415 697 601 792; x_wconf 78' lang='lat' dir='ltr'><strong>inserendae</strong></span> <span class='ocrx_word' id='word_1_24' title='bbox 624 713 829 785; x_wconf 83' lang='lat' dir='ltr'>occasionem</span> <span class='ocrx_word' id='word_1_25' title='bbox 851 733 988 801; x_wconf 83' lang='lat' dir='ltr'><strong>sumere,</strong></span> <span class='ocrx_word' id='word_1_26' title='bbox 1012 718 1077 790; x_wconf 90' lang='lat' dir='ltr'><strong>ubi</strong></span> <span class='ocrx_word' id='word_1_27' title='bbox 1090 736 1136 789; x_wconf 88' lang='lat' dir='ltr'><strong>et·</strong></span> 
     </span>
     <span class='ocr_line' id='line_1_5' title="bbox 84 825 1136 923; baseline 0 -22"><span class='ocrx_word' id='word_1_28' title='bbox 84 885 109 923; x_wconf 29' lang='grc'><strong>.,</strong></span> <span class='ocrx_word' id='word_1_29' title='bbox 154 829 218 897; x_wconf 89' lang='lat' dir='ltr'><strong>iam</strong></span> <span class='ocrx_word' id='word_1_30' title='bbox 239 827 485 920; x_wconf 77' lang='lat' dir='ltr'><strong>argumentandi</strong></span> <span class='ocrx_word' id='word_1_31' title='bbox 506 827 607 920; x_wconf 81' lang='lat' dir='ltr'><strong>gratia</strong></span> <span class='ocrx_word' id='word_1_32' title='bbox 621 825 696 895; x_wconf 86' lang='lat' dir='ltr'><strong>licet</strong></span> <span class='ocrx_word' id='word_1_33' title='bbox 708 839 941 920; x_wconf 87' lang='lat' dir='ltr'><strong>nonuunquam</strong></span> <span class='ocrx_word' id='word_1_34' title='bbox 958 830 1136 902; x_wconf 81' lang='lat' dir='ltr'><strong>concedere</strong></span> 
     </span>
     <span class='ocr_line' id='line_1_6' title="bbox 98 935 1135 1036; baseline 0.002 -28"><span class='ocrx_word' id='word_1_35' title='bbox 98 935 109 953; x_wconf 80' lang='grc'>’</span> <span class='ocrx_word' id='word_1_36' title='bbox 154 939 246 1009; x_wconf 86' lang='lat' dir='ltr'><strong>falsa.</strong></span> <span class='ocrx_word' id='word_1_37' title='bbox 291 937 471 1008; x_wconf 89' lang='lat' dir='ltr'><strong>Omnem</strong></span> <span class='ocrx_word' id='word_1_38' title='bbox 461 954 570 1033; x_wconf 81' lang='lat' dir='ltr'><strong>utaque</strong></span> <span class='ocrx_word' id='word_1_39' title='bbox 596 936 756 1006; x_wconf 83' lang='lat' dir='ltr'><strong>licentiam</strong></span> <span class='ocrx_word' id='word_1_40' title='bbox 777 936 829 1006; x_wconf 86' lang='lat' dir='ltr'><strong>vel</strong></span> <span class='ocrx_word' id='word_1_41' title='bbox 851 937 1024 1010; x_wconf 84' lang='lat' dir='ltr'><strong>mittendae</strong></span> <span class='ocrx_word' id='word_1_42' title='bbox 1045 941 1135 1036; x_wconf 91' lang='lat' dir='ltr'><strong>peni·</strong></span> 
     </span>
     <span class='ocr_line' id='line_1_7' title="bbox 155 1046 856 1142; baseline -0.004 -22"><span class='ocrx_word' id='word_1_43' title='bbox 155 1067 207 1138; x_wconf 81' lang='lat' dir='ltr'><strong>tus</strong></span> <span class='ocrx_word' id='word_1_44' title='bbox 229 1050 279 1119; x_wconf 90' lang='lat' dir='ltr'><strong>vel</strong></span> <span class='ocrx_word' id='word_1_45' title='bbox 302 1049 508 1142; x_wconf 83' lang='lat' dir='ltr'><strong>corrigendae</strong></span> <span class='ocrx_word' id='word_1_46' title='bbox 532 1047 708 1118; x_wconf 88' lang='lat' dir='ltr'><strong>sententiae</strong></span> <span class='ocrx_word' id='word_1_47' title='bbox 731 1046 856 1117; x_wconf 82' lang='lat' dir='ltr'><strong>damus.</strong></span> 
     </span>
    </p>

    <p class='ocr_par' dir='ltr' id='par_1_5' title="bbox 155 1159 1217 1700">
     <span class='ocr_line' id='line_1_8' title="bbox 241 1159 1138 1254; baseline 0.004 -24"><span class='ocrx_word' id='word_1_48' title='bbox 241 1160 396 1232; x_wconf 78' lang='lat' dir='ltr'><strong>Philos.</strong></span> <span class='ocrx_word' id='word_1_49' title='bbox 440 1159 665 1244; x_wconf 85' lang='lat' dir='ltr'><strong>Memento,</strong></span> <span class='ocrx_word' id='word_1_50' title='bbox 655 1183 802 1251; x_wconf 89' lang='lat' dir='ltr'><strong>mquam,</strong></span> <span class='ocrx_word' id='word_1_51' title='bbox 836 1159 912 1254; x_wconf 88' lang='lat' dir='ltr'><strong>quid</strong></span> <span class='ocrx_word' id='word_1_52' title='bbox 945 1160 1076 1232; x_wconf 79' lang='lat' dir='ltr'><strong>dixerim</strong></span> <span class='ocrx_word' id='word_1_53' title='bbox 1105 1179 1138 1234; x_wconf 90' lang='lat' dir='ltr'><strong>et</strong></span> 
     </span>
     <span class='ocr_line' id='line_1_9' title="bbox 156 1250 1137 1399; baseline 0.001 -56"><span class='ocrx_word' id='word_1_54' title='bbox 156 1250 349 1343; x_wconf 77' lang='lat' dir='ltr'><strong>conditionis</strong></span> <span class='ocrx_word' id='word_1_55' title='bbox 372 1271 537 1399; x_wconf 80' lang='lat' dir='ltr'><strong>appositae</strong></span> <span class='ocrx_word' id='word_1_56' title='bbox 558 1268 744 1352; x_wconf 76' lang='lat' dir='ltr'><strong>recordare,</strong></span> <span class='ocrx_word' id='word_1_57' title='bbox 758 1268 827 1338; x_wconf 89' lang='lat' dir='ltr'><strong>‘ubi</strong></span> <span class='ocrx_word' id='word_1_58' title='bbox 849 1271 995 1342; x_wconf 88' lang='lat' dir='ltr'><strong>videlicet</strong></span> <span class='ocrx_word' id='word_1_59' title='bbox 1016 1274 1137 1344; x_wconf 87' lang='lat' dir='ltr'><strong>dictum</strong></span> 
     </span>
     <span class='ocr_line' id='line_1_10' title="bbox 157 1379 1136 1477; baseline 0 -24"><span class='ocrx_word' id='word_1_60' title='bbox 157 1400 219 1454; x_wconf 81' lang='lat' dir='ltr'><strong>est:</strong></span> <span class='ocrx_word' id='word_1_61' title='bbox 248 1383 386 1472; x_wconf 83' lang='lat' dir='ltr'><strong>Quid</strong></span> <span class='ocrx_word' id='word_1_62' title='bbox 361 1409 387 1453; x_wconf 86' lang='lat' dir='ltr'><strong>sr</strong></span> <span class='ocrx_word' id='word_1_63' title='bbox 409 1383 453 1452; x_wconf 89' lang='lat' dir='ltr'><strong>ita</strong></span> <span class='ocrx_word' id='word_1_64' title='bbox 475 1385 545 1452; x_wconf 80' lang='lat' dir='ltr'><strong>cst?</strong></span> <span class='ocrx_word' id='word_1_65' title='bbox 572 1379 685 1450; x_wconf 86' lang='lat' dir='ltr'><strong>Multis</strong></span> <span class='ocrx_word' id='word_1_66' title='bbox 708 1403 846 1474; x_wconf 89' lang='lat' dir='ltr'><strong>namque</strong></span> <span class='ocrx_word' id='word_1_67' title='bbox 866 1381 1136 1477; x_wconf 88' lang='lat' dir='ltr'><strong>pbilosophorum</strong></span> 
     </span>
     <span class='ocr_line' id='line_1_11' title="bbox 155 1491 1217 1582; baseline -0.001 -17"><span class='ocrx_word' id='word_1_68' title='bbox 155 1497 259 1566; x_wconf 91' lang='lat' dir='ltr'><strong>visum</strong></span> <span class='ocrx_word' id='word_1_69' title='bbox 287 1510 351 1578; x_wconf 88' lang='lat' dir='ltr'><strong>est,</strong></span> <span class='ocrx_word' id='word_1_70' title='bbox 379 1493 454 1582; x_wconf 85' lang='lat' dir='ltr'><strong>(iol.</strong></span> <span class='ocrx_word' id='word_1_71' title='bbox 482 1503 535 1568; x_wconf 87' lang='lat'><strong>30.</strong></span> <span class='ocrx_word' id='word_1_72' title='bbox 562 1493 625 1580; x_wconf 86' lang='lat' dir='ltr'><strong>R.)</strong></span> <span class='ocrx_word' id='word_1_73' title='bbox 654 1491 800 1560; x_wconf 89' lang='lat' dir='ltr'><strong>omnibus</strong></span> <span class='ocrx_word' id='word_1_74' title='bbox 829 1492 924 1562; x_wconf 90' lang='lat' dir='ltr'><strong>bonis</strong></span> <span class='ocrx_word' id='word_1_75' title='bbox 951 1493 1136 1565; x_wconf 86' lang='lat' dir='ltr'><strong>bominibus</strong></span> <span class='ocrx_word' id='word_1_76' title='bbox 1216 1503 1217 1507; x_wconf 74' lang='grc'>’</span> 
     </span>
     <span class='ocr_line' id='line_1_12' title="bbox 157 1604 1137 1700; baseline -0.002 -22"><span class='ocrx_word' id='word_1_77' title='bbox 157 1631 270 1678; x_wconf 88' lang='lat' dir='ltr'><strong>omnes</strong></span> <span class='ocrx_word' id='word_1_78' title='bbox 293 1605 386 1700; x_wconf 83' lang='lat' dir='ltr'><strong>simul</strong></span> <span class='ocrx_word' id='word_1_79' title='bbox 407 1606 515 1674; x_wconf 87' lang='lat' dir='ltr'><strong>inesse</strong></span> <span class='ocrx_word' id='word_1_80' title='bbox 537 1604 688 1673; x_wconf 78' lang='lat' dir='ltr'><strong>virtutes?</strong></span> <span class='ocrx_word' id='word_1_81' title='bbox 719 1627 779 1672; x_wconf 88' lang='lat' dir='ltr'><strong>uec</strong></span> <span class='ocrx_word' id='word_1_82' title='bbox 801 1630 875 1672; x_wconf 90' lang='lat' dir='ltr'><strong>eum</strong></span> <span class='ocrx_word' id='word_1_83' title='bbox 896 1604 1063 1674; x_wconf 85' lang='lat' dir='ltr'><strong>ullatenus·</strong></span> <span class='ocrx_word' id='word_1_84' title='bbox 1077 1607 1137 1676; x_wconf 91' lang='lat' dir='ltr'><strong>bo-</strong></span> 
     </span>
    </p>
   </div>
   <div class='ocr_carea' id='block_1_5' title="bbox 50 1713 1136 1810">
    <p class='ocr_par' dir='ltr' id='par_1_6' title="bbox 50 1713 1136 1810">
     <span class='ocr_line' id='line_1_13' title="bbox 50 1713 1136 1810; baseline 0.002 -24"><span class='ocrx_word' id='word_1_85' title='bbox 50 1737 51 1740; x_wconf 73' lang='grc'>’</span> <span class='ocrx_word' id='word_1_86' title='bbox 156 1743 233 1786; x_wconf 89' lang='lat' dir='ltr'><strong>uum</strong></span> <span class='ocrx_word' id='word_1_87' title='bbox 262 1715 402 1800; x_wconf 87' lang='lat' dir='ltr'><strong>censeri,</strong></span> <span class='ocrx_word' id='word_1_88' title='bbox 437 1716 488 1784; x_wconf 92' lang='lat' dir='ltr'><strong>cui</strong></span> <span class='ocrx_word' id='word_1_89' title='bbox 515 1715 611 1784; x_wconf 86' lang='lat' dir='ltr'><strong>virtus</strong></span> <span class='ocrx_word' id='word_1_90' title='bbox 641 1713 749 1809; x_wconf 88' lang='lat' dir='ltr'><strong>aliqua</strong></span> <span class='ocrx_word' id='word_1_91' title='bbox 778 1713 873 1799; x_wconf 85' lang='lat' dir='ltr'><strong>desit,</strong></span> <span class='ocrx_word' id='word_1_92' title='bbox 919 1740 957 1785; x_wconf 90' lang='lat' dir='ltr'><strong>ac</strong></span> <span class='ocrx_word' id='word_1_93' title='bbox 986 1742 1046 1810; x_wconf 87' lang='lat' dir='ltr'><strong>per</strong></span> <span class='ocrx_word' id='word_1_94' title='bbox 1072 1717 1136 1788; x_wconf 87' lang='lat' dir='ltr'><strong>hoo</strong></span> 
     </span>
    </p>
   </div>
   <div class='ocr_carea' id='block_1_6' title="bbox 88 1824 1231 3912">
    <p class='ocr_par' dir='ltr' id='par_1_7' title="bbox 88 1824 1231 3912">
     <span class='ocr_line' id='line_1_14' title="bbox 158 1824 1138 1900; baseline -0.001 -3"><span class='ocrx_word' id='word_1_95' title='bbox 158 1829 300 1898; x_wconf 91' lang='lat' dir='ltr'><strong>omnium</strong></span> <span class='ocrx_word' id='word_1_96' title='bbox 322 1828 481 1896; x_wconf 88' lang='lat' dir='ltr'><strong>bonorum</strong></span> <span class='ocrx_word' id='word_1_97' title='bbox 503 1827 668 1896; x_wconf 87' lang='lat' dir='ltr'><strong>hominnm</strong></span> <span class='ocrx_word' id='word_1_98' title='bbox 690 1849 751 1894; x_wconf 86' lang='lat' dir='ltr'><strong>uec</strong></span> <span class='ocrx_word' id='word_1_99' title='bbox 773 1824 807 1894; x_wconf 90' lang='lat' dir='ltr'><strong>in</strong></span> <span class='ocrx_word' id='word_1_100' title='bbox 828 1825 948 1900; x_wconf 82' lang='lat' dir='ltr'><strong>meritis</strong></span> <span class='ocrx_word' id='word_1_101' title='bbox 971 1827 1054 1896; x_wconf 83' lang='lat' dir='ltr'><strong>vitae</strong></span> <span class='ocrx_word' id='word_1_102' title='bbox 1077 1851 1138 1896; x_wconf 87' lang='lat' dir='ltr'><strong>uec</strong></span> 
     </span>
     <span class='ocr_line' id='line_1_15' title="bbox 156 1933 1157 2026; baseline -0.003 -19"><span class='ocrx_word' id='word_1_103' title='bbox 156 1941 190 2008; x_wconf 92' lang='lat' dir='ltr'><strong>in</strong></span> <span class='ocrx_word' id='word_1_104' title='bbox 211 1937 413 2007; x_wconf 90' lang='lat' dir='ltr'><strong>beatitudinis</strong></span> <span class='ocrx_word' id='word_1_105' title='bbox 435 1936 690 2006; x_wconf 78' lang='lat' dir='ltr'><strong>remuneratione</strong></span> <span class='ocrx_word' id='word_1_106' title='bbox 716 1933 812 2003; x_wconf 89' lang='lat' dir='ltr'><strong>ullam</strong></span> <span class='ocrx_word' id='word_1_107' title='bbox 841 1959 913 2006; x_wconf 87' lang='lat' dir='ltr'><strong>esse</strong></span> <span class='ocrx_word' id='word_1_108' title='bbox 943 1934 1136 2026; x_wconf 80' lang='lat' dir='ltr'><strong>distantiam.</strong></span> <span class='ocrx_word' id='word_1_109' title='bbox 1154 2004 1157 2012; x_wconf 83' lang='grc'><strong>,</strong></span> 
     </span>
     <span class='ocr_line' id='line_1_16' title="bbox 158 2020 1231 2138; baseline -0.003 -21"><span class='ocrx_word' id='word_1_110' title='bbox 158 2045 308 2138; x_wconf 84' lang='lat' dir='ltr'><strong>Quod</strong></span> <span class='ocrx_word' id='word_1_111' title='bbox 282 2071 310 2118; x_wconf 81' lang='lat' dir='ltr'><strong>st</strong></span> <span class='ocrx_word' id='word_1_112' title='bbox 330 2047 445 2118; x_wconf 84' lang='lat' dir='ltr'><strong>forte</strong></span> <span class='ocrx_word' id='word_1_113' title='bbox 435 2063 480 2116; x_wconf 84' lang='lat' dir='ltr'><strong>tta</strong></span> <span class='ocrx_word' id='word_1_114' title='bbox 508 2047 564 2132; x_wconf 89' lang='lat' dir='ltr'><strong>sit,</strong></span> <span class='ocrx_word' id='word_1_115' title='bbox 593 2046 707 2116; x_wconf 84' lang='lat' dir='ltr'><strong>eadem</strong></span> <span class='ocrx_word' id='word_1_116' title='bbox 729 2045 876 2114; x_wconf 89' lang='lat' dir='ltr'><strong>omnibus</strong></span> <span class='ocrx_word' id='word_1_117' title='bbox 899 2020 1064 2116; x_wconf 82' lang='lat' dir='ltr'><strong>beatitudo</strong></span> <span class='ocrx_word' id='word_1_118' title='bbox 1086 2073 1136 2116; x_wconf 89' lang='lat' dir='ltr'><strong>re·</strong></span> <span class='ocrx_word' id='word_1_119' title='bbox 1209 2030 1231 2114; x_wconf 37' lang='lat'><strong>¹.</strong></span> 
     </span>
     <span class='ocr_line' id='line_1_17' title="bbox 157 2156 1137 2253; baseline -0.002 -23"><span class='ocrx_word' id='word_1_120' title='bbox 157 2160 314 2242; x_wconf 80' lang='lat' dir='ltr'><strong>tribuitur,</strong></span> <span class='ocrx_word' id='word_1_121' title='bbox 343 2174 375 2228; x_wconf 86' lang='lat' dir='ltr'><strong>et</strong></span> <span class='ocrx_word' id='word_1_122' title='bbox 403 2183 516 2228; x_wconf 86' lang='lat' dir='ltr'><strong>omnes</strong></span> <span class='ocrx_word' id='word_1_123' title='bbox 542 2156 716 2253; x_wconf 86' lang='lat' dir='ltr'><strong>acqualiter</strong></span> <span class='ocrx_word' id='word_1_124' title='bbox 736 2181 895 2224; x_wconf 88' lang='lat' dir='ltr'><strong>summum</strong></span> <span class='ocrx_word' id='word_1_125' title='bbox 915 2156 1038 2226; x_wconf 89' lang='lat' dir='ltr'><strong>bonum</strong></span> <span class='ocrx_word' id='word_1_126' title='bbox 1060 2158 1137 2228; x_wconf 87' lang='lat' dir='ltr'><strong>ade-</strong></span> 
     </span>
     <span class='ocr_line' id='line_1_18' title="bbox 157 2265 1135 2364; baseline 0.001 -27"><span class='ocrx_word' id='word_1_127' title='bbox 157 2271 203 2364; x_wconf 86' lang='lat' dir='ltr'><strong>pti</strong></span> <span class='ocrx_word' id='word_1_128' title='bbox 229 2270 347 2363; x_wconf 88' lang='lat' dir='ltr'><strong>pariter</strong></span> <span class='ocrx_word' id='word_1_129' title='bbox 373 2270 453 2338; x_wconf 88' lang='lat' dir='ltr'><strong>liunt</strong></span> <span class='ocrx_word' id='word_1_130' title='bbox 478 2269 572 2341; x_wconf 84' lang='lat' dir='ltr'><strong>beati.</strong></span> <span class='ocrx_word' id='word_1_131' title='bbox 630 2265 740 2357; x_wconf 84' lang='lat' dir='ltr'><strong>Quam</strong></span> <span class='ocrx_word' id='word_1_132' title='bbox 767 2282 914 2361; x_wconf 88' lang='lat' dir='ltr'><strong>patenter</strong></span> <span class='ocrx_word' id='word_1_133' title='bbox 942 2268 1135 2338; x_wconf 88' lang='lat' dir='ltr'><strong>sententiam</strong></span> 
     </span>
     <span class='ocr_line' id='line_1_19' title="bbox 158 2377 1167 2471; baseline -0.001 -23"><span class='ocrx_word' id='word_1_134' title='bbox 158 2380 286 2449; x_wconf 82' lang='lat' dir='ltr'><strong>Tullius</strong></span> <span class='ocrx_word' id='word_1_135' title='bbox 297 2380 332 2449; x_wconf 90' lang='lat' dir='ltr'><strong>in</strong></span> <span class='ocrx_word' id='word_1_136' title='bbox 344 2380 488 2450; x_wconf 86' lang='lat' dir='ltr'><strong>secundo</strong></span> <span class='ocrx_word' id='word_1_137' title='bbox 501 2380 541 2448; x_wconf 91' lang='lat' dir='ltr'><strong>de</strong></span> <span class='ocrx_word' id='word_1_138' title='bbox 554 2379 666 2449; x_wconf 86' lang='lat' dir='ltr'><strong>officiis</strong></span> <span class='ocrx_word' id='word_1_139' title='bbox 679 2379 760 2460; x_wconf 89' lang='lat' dir='ltr'><strong>libro</strong></span> <span class='ocrx_word' id='word_1_140' title='bbox 774 2377 823 2446; x_wconf 88' lang='lat' dir='ltr'><strong>bis</strong></span> <span class='ocrx_word' id='word_1_141' title='bbox 838 2377 941 2447; x_wconf 84' lang='lat' dir='ltr'><strong>verbis</strong></span> <span class='ocrx_word' id='word_1_142' title='bbox 954 2379 1137 2471; x_wconf 78' lang='lat' dir='ltr'><strong>profitetur:</strong></span> <span class='ocrx_word' id='word_1_143' title='bbox 1164 2441 1167 2447; x_wconf 93' lang='lat'><em>.</em></span> 
     </span>
     <span class='ocr_line' id='line_1_20' title="bbox 157 2487 1136 2586; baseline 0 -26"><span class='ocrx_word' id='word_1_144' title='bbox 157 2492 286 2580; x_wconf 86' lang='lat' dir='ltr'><strong>Justitia</strong></span> <span class='ocrx_word' id='word_1_145' title='bbox 308 2517 381 2560; x_wconf 86' lang='lat' dir='ltr'><strong>cum</strong></span> <span class='ocrx_word' id='word_1_146' title='bbox 404 2492 473 2561; x_wconf 87' lang='lat' dir='ltr'><strong>sine</strong></span> <span class='ocrx_word' id='word_1_147' title='bbox 494 2491 662 2586; x_wconf 88' lang='lat' dir='ltr'><strong>prudentia</strong></span> <span class='ocrx_word' id='word_1_148' title='bbox 684 2489 762 2558; x_wconf 89' lang='lat' dir='ltr'><strong>satis</strong></span> <span class='ocrx_word' id='word_1_149' title='bbox 784 2487 901 2556; x_wconf 87' lang='lat' dir='ltr'><strong>habeat</strong></span> <span class='ocrx_word' id='word_1_150' title='bbox 928 2491 1136 2576; x_wconf 86' lang='lat' dir='ltr'><strong>auctoritatis,</strong></span> 
     </span>
     <span class='ocr_line' id='line_1_21' title="bbox 156 2598 1135 2696; baseline 0.007 -26"><span class='ocrx_word' id='word_1_151' title='bbox 156 2601 326 2696; x_wconf 84' lang='lat' dir='ltr'><strong>prudentia</strong></span> <span class='ocrx_word' id='word_1_152' title='bbox 340 2601 409 2671; x_wconf 87' lang='lat' dir='ltr'><strong>sine</strong></span> <span class='ocrx_word' id='word_1_153' title='bbox 423 2603 546 2694; x_wconf 84' lang='lat' dir='ltr'><strong>justitia</strong></span> <span class='ocrx_word' id='word_1_154' title='bbox 558 2601 636 2670; x_wconf 90' lang='lat' dir='ltr'><strong>nihil</strong></span> <span class='ocrx_word' id='word_1_155' title='bbox 651 2601 755 2670; x_wconf 88' lang='lat' dir='ltr'><strong>valeat</strong></span> <span class='ocrx_word' id='word_1_156' title='bbox 777 2599 818 2667; x_wconf 91' lang='lat' dir='ltr'><strong>ad</strong></span> <span class='ocrx_word' id='word_1_157' title='bbox 837 2598 1135 2679; x_wconf 82' lang='lat' dir='ltr'><strong>fidemlaciendam.</strong></span> 
     </span>
     <span class='ocr_line' id='line_1_22' title="bbox 158 2695 1135 2808; baseline 0.003 -27"><span class='ocrx_word' id='word_1_158' title='bbox 158 2713 331 2800; x_wconf 62' lang='lat' dir='ltr'><strong>Quocum</strong></span> <span class='ocrx_word' id='word_1_159' title='bbox 344 2695 679 2808; x_wconf 53' lang='lat' dir='ltr'><strong>quoquomodo</strong></span> <span class='ocrx_word' id='word_1_160' title='bbox 692 2709 1135 2805; x_wconf 58' lang='lat' dir='ltr'><strong>secationetocnnao}</strong></span> 
     </span>
     <span class='ocr_line' id='line_1_23' title="bbox 158 2820 1136 2917; baseline 0.003 -25"><span class='ocrx_word' id='word_1_161' title='bbox 158 2827 223 2908; x_wconf 80' lang='lat' dir='ltr'><strong>sior</strong></span> <span class='ocrx_word' id='word_1_162' title='bbox 238 2841 269 2893; x_wconf 84' lang='lat' dir='ltr'><strong>et</strong></span> <span class='ocrx_word' id='word_1_163' title='bbox 283 2826 472 2917; x_wconf 87' lang='lat' dir='ltr'><strong>suspectior,</strong></span> <span class='ocrx_word' id='word_1_164' title='bbox 488 2825 627 2892; x_wconf 90' lang='lat' dir='ltr'><strong>detracta</strong></span> <span class='ocrx_word' id='word_1_165' title='bbox 646 2820 796 2915; x_wconf 88' lang='lat' dir='ltr'><strong>opinione</strong></span> <span class='ocrx_word' id='word_1_166' title='bbox 815 2821 992 2914; x_wconf 88' lang='lat' dir='ltr'><strong>probitatis.</strong></span> <span class='ocrx_word' id='word_1_167' title='bbox 1027 2822 1136 2914; x_wconf 86' lang='lat' dir='ltr'><strong>Quam</strong></span> 
     </span>
     <span class='ocr_line' id='line_1_24' title="bbox 158 2933 1135 3029; baseline 0.002 -27"><span class='ocrx_word' id='word_1_168' title='bbox 158 2935 282 3002; x_wconf 88' lang='lat' dir='ltr'><strong>obrem</strong></span> <span class='ocrx_word' id='word_1_169' title='bbox 300 2933 556 3026; x_wconf 84' lang='lat' dir='ltr'><strong>intelligentia(e)</strong></span> <span class='ocrx_word' id='word_1_170' title='bbox 576 2933 748 3026; x_wconf 88' lang='lat' dir='ltr'><strong>justitia[e]</strong></span> <span class='ocrx_word' id='word_1_171' title='bbox 772 2935 960 3023; x_wconf 90' lang='lat' dir='ltr'><strong>conjuncta,</strong></span> <span class='ocrx_word' id='word_1_172' title='bbox 983 2951 1135 3029; x_wconf 88' lang='lat' dir='ltr'><strong>quantum</strong></span> 
     </span>
     <span class='ocr_line' id='line_1_25' title="bbox 136 3041 1134 3128; baseline 0.002 -15"><span class='ocrx_word' id='word_1_173' title='bbox 136 3057 138 3061; x_wconf 85' lang='lat'>&#39;</span> <span class='ocrx_word' id='word_1_174' title='bbox 156 3045 251 3128; x_wconf 85' lang='lat' dir='ltr'><strong>volet,</strong></span> <span class='ocrx_word' id='word_1_175' title='bbox 269 3044 397 3113; x_wconf 88' lang='lat' dir='ltr'><strong>babebit</strong></span> <span class='ocrx_word' id='word_1_176' title='bbox 411 3045 451 3112; x_wconf 88' lang='lat' dir='ltr'><strong>ad</strong></span> <span class='ocrx_word' id='word_1_177' title='bbox 466 3043 645 3128; x_wconf 77' lang='lat' dir='ltr'><strong>faciendam</strong></span> <span class='ocrx_word' id='word_1_178' title='bbox 660 3042 756 3110; x_wconf 88' lang='lat' dir='ltr'><strong>fidem</strong></span> <span class='ocrx_word' id='word_1_179' title='bbox 771 3041 892 3116; x_wconf 84' lang='lat' dir='ltr'><strong>virium.</strong></span> <span class='ocrx_word' id='word_1_180' title='bbox 923 3043 1052 3112; x_wconf 76' lang='lat' dir='ltr'><strong>lustitia</strong></span> <span class='ocrx_word' id='word_1_181' title='bbox 1067 3046 1134 3116; x_wconf 89' lang='lat' dir='ltr'><strong>sine</strong></span> 
     </span>
     <span class='ocr_line' id='line_1_26' title="bbox 156 3153 1136 3250; baseline 0.003 -28"><span class='ocrx_word' id='word_1_182' title='bbox 156 3154 483 3248; x_wconf 85' lang='lat' dir='ltr'><strong>prudentia-multum</strong></span> <span class='ocrx_word' id='word_1_183' title='bbox 511 3155 642 3250; x_wconf 87' lang='lat' dir='ltr'><strong>poterit,</strong></span> <span class='ocrx_word' id='word_1_184' title='bbox 671 3153 740 3222; x_wconf 86' lang='lat' dir='ltr'><strong>sine</strong></span> <span class='ocrx_word' id='word_1_185' title='bbox 768 3153 886 3244; x_wconf 88' lang='lat' dir='ltr'><strong>justitia</strong></span> <span class='ocrx_word' id='word_1_186' title='bbox 914 3153 992 3222; x_wconf 91' lang='lat' dir='ltr'><strong>nihil</strong></span> <span class='ocrx_word' id='word_1_187' title='bbox 1019 3157 1136 3246; x_wconf 85' lang='lat' dir='ltr'><strong>valebit</strong></span> 
     </span>
     <span class='ocr_line' id='line_1_27' title="bbox 155 3252 1135 3391; baseline 0.005 -59"><span class='ocrx_word' id='word_1_188' title='bbox 155 3264 334 3391; x_wconf 84' lang='lat' dir='ltr'><strong>prudentia.</strong></span> <span class='ocrx_word' id='word_1_189' title='bbox 383 3263 466 3343; x_wconf 85' lang='lat' dir='ltr'><strong>Sed,</strong></span> <span class='ocrx_word' id='word_1_190' title='bbox 495 3291 536 3335; x_wconf 89' lang='lat' dir='ltr'><strong>ue</strong></span> <span class='ocrx_word' id='word_1_191' title='bbox 547 3264 630 3356; x_wconf 91' lang='lat' dir='ltr'><strong>quis</strong></span> <span class='ocrx_word' id='word_1_192' title='bbox 654 3263 695 3332; x_wconf 87' lang='lat' dir='ltr'><strong>sit</strong></span> <span class='ocrx_word' id='word_1_193' title='bbox 716 3252 923 3348; x_wconf 83' lang='lat' dir='ltr'><strong>admiratus,</strong></span> <span class='ocrx_word' id='word_1_194' title='bbox 935 3291 1007 3350; x_wconf 88' lang='lat' dir='ltr'><strong>cur,</strong></span> <span class='ocrx_word' id='word_1_195' title='bbox 1037 3291 1135 3361; x_wconf 89' lang='lat' dir='ltr'><strong>quum</strong></span> 
     </span>
     <span class='ocr_line' id='line_1_28' title="bbox 154 3374 1225 3502; baseline 0.005 -60"><span class='ocrx_word' id='word_1_196' title='bbox 154 3376 238 3483; x_wconf 81' lang='lat' dir='ltr'><strong>inter</strong></span> <span class='ocrx_word' id='word_1_197' title='bbox 252 3400 364 3462; x_wconf 87' lang='lat' dir='ltr'><strong>omnes</strong></span> <span class='ocrx_word' id='word_1_198' title='bbox 384 3374 608 3502; x_wconf 84' lang='lat' dir='ltr'><strong>pbilosopbos</strong></span> <span class='ocrx_word' id='word_1_199' title='bbox 612 3390 746 3456; x_wconf 84' lang='lat' dir='ltr'><strong>constet,</strong></span> <span class='ocrx_word' id='word_1_200' title='bbox 765 3397 914 3468; x_wconf 86' lang='lat' dir='ltr'><strong>ameque</strong></span> <span class='ocrx_word' id='word_1_201' title='bbox 933 3375 1004 3468; x_wconf 89' lang='lat' dir='ltr'><strong>ipso</strong></span> <span class='ocrx_word' id='word_1_202' title='bbox 1027 3378 1135 3472; x_wconf 89' lang='lat' dir='ltr'><strong>dispu·</strong></span> <span class='ocrx_word' id='word_1_203' title='bbox 1183 3429 1184 3434; x_wconf 22' lang='grc' dir='ltr'><strong>ι</strong></span> <span class='ocrx_word' id='word_1_204' title='bbox 1223 3422 1225 3428; x_wconf 85' lang='lat'><em>.</em></span> 
     </span>
     <span class='ocr_line' id='line_1_29' title="bbox 139 3485 1134 3581; baseline 0.005 -28"><span class='ocrx_word' id='word_1_205' title='bbox 139 3500 256 3571; x_wconf 38' lang='lat' dir='ltr'><strong>,tatum</strong></span> <span class='ocrx_word' id='word_1_206' title='bbox 278 3493 376 3577; x_wconf 86' lang='lat' dir='ltr'><strong>saepe</strong></span> <span class='ocrx_word' id='word_1_207' title='bbox 395 3487 442 3572; x_wconf 78' lang='lat' dir='ltr'><strong>sit,</strong></span> <span class='ocrx_word' id='word_1_208' title='bbox 465 3512 629 3581; x_wconf 78' lang='lat' dir='ltr'><strong>quianam</strong></span> <span class='ocrx_word' id='word_1_209' title='bbox 646 3487 785 3568; x_wconf 87' lang='lat' dir='ltr'><strong>baberet,</strong></span> <span class='ocrx_word' id='word_1_210' title='bbox 808 3510 920 3554; x_wconf 89' lang='lat' dir='ltr'><strong>omnes</strong></span> <span class='ocrx_word' id='word_1_211' title='bbox 939 3485 1134 3557; x_wconf 83' lang='lat' dir='ltr'><strong>habere&#39;&#39;v1r·</strong></span> 
     </span>
     <span class='ocr_line' id='line_1_30' title="bbox 155 3595 1134 3698; baseline 0.003 -34"><span class='ocrx_word' id='word_1_212' title='bbox 155 3611 248 3680; x_wconf 87' lang='lat' dir='ltr'><strong>tutes,</strong></span> <span class='ocrx_word' id='word_1_213' title='bbox 270 3622 356 3665; x_wconf 87' lang='lat' dir='ltr'><strong>nunc</strong></span> <span class='ocrx_word' id='word_1_214' title='bbox 376 3598 420 3665; x_wconf 89' lang='lat' dir='ltr'><strong>ita</strong></span> <span class='ocrx_word' id='word_1_215' title='bbox 443 3602 619 3691; x_wconf 85' lang='lat' dir='ltr'><strong>sejungam,</strong></span> <span class='ocrx_word' id='word_1_216' title='bbox 643 3595 732 3692; x_wconf 85' lang='lat' dir='ltr'><strong>quasi</strong></span> <span class='ocrx_word' id='word_1_217' title='bbox 754 3596 1056 3698; x_wconf 72' lang='lat' dir='ltr'><strong>possitquisqnam,</strong></span> <span class='ocrx_word' id='word_1_218' title='bbox 1080 3600 1134 3694; x_wconf 90' lang='lat' dir='ltr'><strong>qui</strong></span> 
     </span>
     <span class='ocr_line' id='line_1_31' title="bbox 88 3705 1134 3801; baseline 0.005 -27"><span class='ocrx_word' id='word_1_219' title='bbox 88 3758 93 3764; x_wconf 85' lang='lat'>-</span> <span class='ocrx_word' id='word_1_220' title='bbox 144 3707 329 3776; x_wconf 85' lang='lat' dir='ltr'><strong>nunidem</strong></span> <span class='ocrx_word' id='word_1_221' title='bbox 349 3709 491 3801; x_wconf 85' lang='lat' dir='ltr'><strong>prudens</strong></span> <span class='ocrx_word' id='word_1_222' title='bbox 515 3710 565 3790; x_wconf 86' lang='lat' dir='ltr'><strong>sit,</strong></span> <span class='ocrx_word' id='word_1_223' title='bbox 586 3713 689 3800; x_wconf 86' lang='lat' dir='ltr'><strong>justus</strong></span> <span class='ocrx_word' id='word_1_224' title='bbox 713 3731 799 3776; x_wconf 87' lang='lat' dir='ltr'><strong>esse:</strong></span> <span class='ocrx_word' id='word_1_225' title='bbox 822 3705 883 3774; x_wconf 91' lang='lat' dir='ltr'><strong>alia</strong></span> <span class='ocrx_word' id='word_1_226' title='bbox 907 3723 954 3774; x_wconf 85' lang='lat' dir='ltr'><strong>est</strong></span> <span class='ocrx_word' id='word_1_227' title='bbox 975 3707 1037 3790; x_wconf 92' lang='lat' dir='ltr'><strong>illa,</strong></span> <span class='ocrx_word' id='word_1_228' title='bbox 1061 3735 1134 3779; x_wconf 89' lang='lat' dir='ltr'><strong>cum</strong></span> 
     </span>
     <span class='ocr_line' id='line_1_32' title="bbox 137 3816 1133 3912; baseline 0.006 -31"><span class='ocrx_word' id='word_1_229' title='bbox 137 3816 270 3886; x_wconf 84' lang='lat' dir='ltr'><strong>&#39;veritas</strong></span> <span class='ocrx_word' id='word_1_230' title='bbox 294 3819 364 3910; x_wconf 91' lang='lat' dir='ltr'><strong>ipsa</strong></span> <span class='ocrx_word' id='word_1_231' title='bbox 387 3819 551 3888; x_wconf 86' lang='lat' dir='ltr'><strong>limatur</strong></span> <span class='ocrx_word' id='word_1_232' title='bbox 540 3845 581 3886; x_wconf 88' lang='lat' dir='ltr'><strong>m</strong></span> <span class='ocrx_word' id='word_1_233' title='bbox 597 3817 828 3912; x_wconf 86' lang='lat' dir='ltr'><strong>disputatione,</strong></span> <span class='ocrx_word' id='word_1_234' title='bbox 853 3817 1044 3886; x_wconf 87' lang='lat' dir='ltr'><strong>subtibilitas</strong></span> <span class='ocrx_word' id='word_1_235' title='bbox 1072 3819 1133 3888; x_wconf 87' lang='lat' dir='ltr'><strong>alia</strong></span> 
     </span>
    </p>
   </div>
   <div class='ocr_carea' id='block_1_7' title="bbox 110 3927 1211 4022">
    <p class='ocr_par' dir='ltr' id='par_1_8' title="bbox 110 3927 1211 4022">
     <span class='ocr_line' id='line_1_33' title="bbox 110 3927 1211 4022; baseline 0.005 -31"><span class='ocrx_word' id='word_1_236' title='bbox 110 4015 114 4020; x_wconf 25' lang='grc' dir='ltr'><strong><em>Ι</em></strong></span> <span class='ocrx_word' id='word_1_237' title='bbox 154 3949 225 3993; x_wconf 89' lang='lat' dir='ltr'><strong>cum</strong></span> <span class='ocrx_word' id='word_1_238' title='bbox 251 3927 292 3997; x_wconf 91' lang='lat' dir='ltr'><strong>ad</strong></span> <span class='ocrx_word' id='word_1_239' title='bbox 315 3929 499 4022; x_wconf 88' lang='lat' dir='ltr'><strong>opinionem</strong></span> <span class='ocrx_word' id='word_1_240' title='bbox 523 3955 725 3998; x_wconf 88' lang='lat' dir='ltr'><strong>communem</strong></span> <span class='ocrx_word' id='word_1_241' title='bbox 748 3927 852 3998; x_wconf 90' lang='lat' dir='ltr'><strong>omnis</strong></span> <span class='ocrx_word' id='word_1_242' title='bbox 876 3929 1135 3997; x_wconf 88' lang='lat' dir='ltr'><strong>accommodatur</strong></span> <span class='ocrx_word' id='word_1_243' title='bbox 1208 3954 1211 3960; x_wconf 89' lang='lat'>·</span> 
     </span>
    </p>
   </div>
   <div class='ocr_carea' id='block_1_8' title="bbox 153 4017 1131 4136">
    <p class='ocr_par' dir='ltr' id='par_1_9' title="bbox 153 4017 1131 4136">
     <span class='ocr_line' id='line_1_34' title="bbox 153 4017 1131 4136; baseline 0.003 -30"><span class='ocrx_word' id='word_1_244' title='bbox 153 4037 265 4108; x_wconf 89' lang='lat' dir='ltr'><strong>oratio.</strong></span> <span class='ocrx_word' id='word_1_245' title='bbox 303 4037 552 4136; x_wconf 86' lang='lat' dir='ltr'><strong>Quamobrem</strong></span> <span class='ocrx_word' id='word_1_246' title='bbox 570 4054 604 4108; x_wconf 92' lang='lat' dir='ltr'><strong>ut</strong></span> <span class='ocrx_word' id='word_1_247' title='bbox 623 4037 778 4131; x_wconf 80' lang='lat' dir='ltr'><strong>vulgus,</strong></span> <span class='ocrx_word' id='word_1_248' title='bbox 768 4053 813 4108; x_wconf 81' lang='lat' dir='ltr'><strong>tta</strong></span> <span class='ocrx_word' id='word_1_249' title='bbox 833 4061 909 4107; x_wconf 90' lang='lat' dir='ltr'><strong>nos</strong></span> <span class='ocrx_word' id='word_1_250' title='bbox 903 4017 1064 4107; x_wconf 86' lang='lat' dir='ltr'><strong>hocloco</strong></span> <span class='ocrx_word' id='word_1_251' title='bbox 1085 4039 1131 4109; x_wconf 93' lang='lat' dir='ltr'><strong>lo-</strong></span> 
     </span>
    </p>
   </div>
   <div class='ocr_carea' id='block_1_9' title="bbox 0 0 1404 4486">
    <p class='ocr_par' dir='ltr' id='par_1_10' title="bbox 0 0 1404 4486">
     <span class='ocr_line' id='line_1_35' title="bbox 0 0 1404 4486; baseline 0 0"><span class='ocrx_word' id='word_1_252' title='bbox 0 0 1404 4486; x_wconf 95' lang='lat' dir='ltr'><strong> </strong></span> 
     </span>
    </p>
   </div>
  </div>
 </body>
</html>
