2806 4492
243 481 374 568 gnum
388 469 463 558 est,
475 455 700 566 quominus
710 456 933 566 ingenium,
942 457 1058 566 quale
1067 458 1110 537 in
1120 455 1250 538 Abac-
1307 489 1311 496 ⁸

242 603 358 685 lardo
374 617 476 704 erut,
495 597 722 683 imitatione
743 604 919 712 exprimi
937 618 1084 714 potest.
1126 603 1249 682 Deni·
1274 693 1277 698 ‚
1394 659 1398 664 -

241 777 321 860 que
342 764 515 832 externa
537 776 584 830 ac
602 749 766 830 interne
782 747 919 830 forma
940 748 1150 849 dictionis,
1175 746 1249 828 iin-
1319 857 1322 862 Ι
1402 756 1403 759 ‘

242 923 347 1005 guae
373 923 501 1010 genus
525 910 566 976 et
592 895 719 1002 styius
736 895 1248 977 Abaelardum‘auctorem

242 1040 338 1123 libri
374 1041 505 1122 nostri
543 1067 632 1122 esse
669 1041 857 1151 probant.
923 1041 1098 1125 Obviam
1136 1039 1247 1120 enim

329 1472 372 1542 N.
396 1481 443 1559 8).
491 1478 672 1543 Praeterea
702 1478 736 1542 in
768 1473 995 1543 confessione
1019 1473 1086 1545 alia
1117 1485 1246 1562 quoque
1310 1519 1314 1532 s

327 1591 452 1656 diserte
476 1590 681 1678 abnegantur
703 1588 798 1673 quasi
820 1609 984 1672 nunquam
1007 1607 1028 1650 a
1052 1589 1152 1652 Petro
1171 1609 1246 1670 pro·

325 1703 397 1770 lats
419 1715 452 1769 et
474 1706 613 1786 scripta,
648 1722 733 1786 quac
765 1699 978 1792 nihilominus
1000 1703 1033 1764 in
1057 1703 1129 1786 ejus
1151 1700 1246 1768 libris

323 1815 490 1904 leguntur.
526 1815 703 1902 Egregium
725 1812 887 1898 hujusrei
901 1816 1130 1879 documentum
1142 1813 1246 1905 habes

324 1933 359 1997 in
378 1929 604 1996 ‘confessione
624 1919 879 2012 (Opp.p.331)t
902 1925 1025 2008 „Quod
1046 1928 1146 2016 igitur
1166 1927 1248 1996 mihi

323 2043 378 2108 vel
399 2065 459 2128 per
480 2042 641 2137 maiitiam
652 2043 838 2125 impositum
856 2048 919 2121 est,
942 2042 1028 2126 quod
1039 2043 1246 2126 scripserim:

322 2158 399 2242 quia
408 2169 502 2239 pater
513 2154 612 2240 plena
625 2157 774 2239 potentia
783 2166 845 2234 est,
861 2155 959 2226 lilius
981 2157 1120 2240 quadam
1131 2169 1246 2239 poten·

325 2272 385 2352 tia,
410 2269 552 2354 Spiritus
581 2281 713 2334 sanctus
743 2267 836 2334 nulla
864 2271 1031 2354 potentia:
1067 2269 1151 2335 hacc
1182 2271 1256 2358 eg'o·

278 2407 280 2412 ·
326 2382 428 2448 verbe
449 2405 517 2449 non
541 2395 607 2448 tarn
630 2380 801 2447 haeretiea
824 2403 920 2466 quam
943 2382 1127 2472 diabolice,
1161 2386 1271 2466 sicut*

318 2497 540 2582 justissimum
566 2505 637 2573 est,
670 2493 854 2576 abhorreo,
886 2495 1034 2560 detestor
1055 2507 1089 2562 et
1112 2519 1152 2561 ea
1174 2518 1247 2562 cum

287 2698 289 2702 Α
323 2593 387 2676 auo¹
407 2620 522 2676 autore
543 2609 668 2694 pariter
689 2609 827 2674 damno:
862 2605 957 2684 Quae
972 2610 1085 2693 siquis
1106 2611 1142 2674 in
1162 2609 1245 2676 meis

323 2725 469 2809 reperiat
491 2723 642 2805 scriptia·
659 2743 725 2787 non
747 2719 855 2786 solum
876 2744 930 2786 me
951 2720 1164 2802 haereticum,
1187 2744 1246 2789 ve·
1288 2711 1296 2770 4

248 2861 250 2866 ¹
303 2857 394 2902 -rurn
415 2838 515 2900 etiam
540 2833 806 2906 haeresiarcham
828 2834 1025 2918 profiteor.“
1069 2835 1172 2905 Recte
1186 2855 1245 2900 an·

323 2947 617 3034 notatnMartenius
639 2950 688 3028 (in
704 2948 845 3032 praefat.
862 2950 905 3014 ed
918 2947 1022 3013 Thes.
1037 2971 1068 3014 n.
1081 2948 1243 3015 Anecdot.

326 3061 425 3128 Tom·
447 3061 527 3144 V.),
555 3061 778 3128 Abaelardum
807 3061 899 3126 hisce
921 3060 1031 3125 verbis
1054 3063 1146 3146 quasi
1168 3083 1244 3145 pro·

325 3181 398 3264 prio
419 3201 456 3245 se
483 3177 640 3266 jugulare
661 3178 773 3264 gladio
796 3199 836 3244 ac
857 3177 1027 3244 Rernsrdo
1049 3181 1245 3274 scriptorum
1376 3185 1380 3194 '

295 3345 296 3350 1
325 3314 458 3359 sucrum
501 3293 634 3357 censori
674 3290 887 3374 applaudere.
950 3291 1107 3358 Attamen
1147 3306 1244 3377 quam

208 3407 210 3411 ’
323 3403 437 3490 paullo
469 3415 546 3488 post
574 3405 726 3492 adjungit
757 3404 904 3487 opinioni
943 3404 1150 3470 subscribere
1184 3427 1243 3472 no-

322 3518 443 3587 lumus.
495 3517 539 3582 Et
569 3537 650 3582 seue
683 3518 817 3603 (iuquit)
855 3519 911 3601 qui
941 3517 1033 3582 Petri
1061 3517 1243 3585 Abaelardi

268 3677 270 3682 s
324 3631 458 3718 genium
472 3628 578 3696 semel
599 3635 785 3716 agnoverit,
808 3629 951 3694 is'fscili
968 3632 1103 3717 negotio
1126 3630 1241 3694 adver·
1275 3637 1278 3642 '

323 3744 376 3824 tit,
398 3741 564 3808 hominem
585 3743 633 3806 ita
656 3747 675 3804 a
697 3754 814 3806 natura
838 3753 1058 3826 comparatum
1069 3741 1185 3823 fuisse,
1209 3751 1246 3808 ut

324 3857 494 3940 oppositas
518 3853 583 3920 sibi
604 3854 748 3922 invicem
769 3855 1012 3940 propositiones
1035 3851 1121 3922 baud
1144 3875 1245 3944 aegra

324 3968 443 4036 docere
463 3970 617 4054 potuerit.
