<?xml version="1.0" encoding="UTF-8"?>
<!DOCTYPE html PUBLIC "-//W3C//DTD XHTML 1.0 Transitional//EN"
    "http://www.w3.org/TR/xhtml1/DTD/xhtml1-transitional.dtd">
<html xmlns="http://www.w3.org/1999/xhtml" xml:lang="en" lang="en">
 <head>
  <title>
</title>
<meta http-equiv="Content-Type" content="text/html;charset=utf-8" />
  <meta name='ocr-system' content='tesseract 3.04.00' />
  <meta name='ocr-capabilities' content='ocr_page ocr_carea ocr_par ocr_line ocrx_word'/>
</head>
<body>
  <div class='ocr_page' id='page_1' title='image "./dialogusinterph00abelgoog_0256.png"; bbox 0 0 2740 4486; ppageno 0'>
   <div class='ocr_carea' id='block_1_1' title="bbox 298 299 354 376">
    <p class='ocr_par' dir='ltr' id='par_1_1' title="bbox 298 299 354 376">
     <span class='ocr_line' id='line_1_1' title="bbox 298 299 354 376; baseline -0.018 0"><span class='ocrx_word' id='word_1_1' title='bbox 298 299 354 376; x_wconf 77' lang='lat' dir='ltr'><strong>to</strong></span> 
     </span>
    </p>
   </div>
   <div class='ocr_carea' id='block_1_2' title="bbox 175 465 1347 4068">
    <p class='ocr_par' dir='ltr' id='par_1_2' title="bbox 175 465 1347 4068">
     <span class='ocr_line' id='line_1_2' title="bbox 299 465 1300 557; baseline 0.01 -23"><span class='ocrx_word' id='word_1_2' title='bbox 299 465 431 536; x_wconf 87' lang='lat' dir='ltr'><strong>infirma</strong></span> <span class='ocrx_word' id='word_1_3' title='bbox 452 465 618 552; x_wconf 88' lang='lat' dir='ltr'><strong>membra,</strong></span> <span class='ocrx_word' id='word_1_4' title='bbox 652 491 737 557; x_wconf 83' lang='lat' dir='ltr'><strong>quae</strong></span> <span class='ocrx_word' id='word_1_5' title='bbox 768 474 803 539; x_wconf 90' lang='lat' dir='ltr'><strong>in</strong></span> <span class='ocrx_word' id='word_1_6' title='bbox 836 493 874 539; x_wconf 90' lang='lat' dir='ltr'><strong>se</strong></span> <span class='ocrx_word' id='word_1_7' title='bbox 901 475 1165 555; x_wconf 73' lang='lat' dir='ltr'><strong>transformavit,</strong></span> <span class='ocrx_word' id='word_1_8' title='bbox 1204 487 1300 544; x_wconf 86' lang='lat' dir='ltr'><strong>uteo</strong></span> 
     </span>
     <span class='ocr_line' id='line_1_3' title="bbox 299 581 1301 674; baseline 0.006 -26"><span class='ocrx_word' id='word_1_9' title='bbox 299 583 495 662; x_wconf 88' lang='lat' dir='ltr'><strong>instrueret,</strong></span> <span class='ocrx_word' id='word_1_10' title='bbox 531 581 607 666; x_wconf 82' lang='lat' dir='ltr'><strong>quitl</strong></span> <span class='ocrx_word' id='word_1_11' title='bbox 635 585 670 649; x_wconf 90' lang='lat' dir='ltr'><strong>in</strong></span> <span class='ocrx_word' id='word_1_12' title='bbox 696 585 905 671; x_wconf 69' lang='lat' dir='ltr'><strong>passionibus</strong></span> <span class='ocrx_word' id='word_1_13' title='bbox 937 600 1028 652; x_wconf 85' lang='lat' dir='ltr'><strong>esset</strong></span> <span class='ocrx_word' id='word_1_14' title='bbox 1057 589 1237 674; x_wconf 79' lang='lat' dir='ltr'><strong>agendum,</strong></span> <span class='ocrx_word' id='word_1_15' title='bbox 1268 603 1301 656; x_wconf 91' lang='lat' dir='ltr'><strong>ut</strong></span> 
     </span>
     <span class='ocr_line' id='line_1_4' title="bbox 300 696 1301 788; baseline 0.004 -20"><span class='ocrx_word' id='word_1_16' title='bbox 300 717 374 768; x_wconf 77' lang='lat' dir='ltr'><strong>tum</strong></span> <span class='ocrx_word' id='word_1_17' title='bbox 394 696 534 781; x_wconf 82' lang='lat' dir='ltr'><strong>amplius</strong></span> <span class='ocrx_word' id='word_1_18' title='bbox 556 700 745 782; x_wconf 78' lang='lat' dir='ltr'><strong>passionem</strong></span> <span class='ocrx_word' id='word_1_19' title='bbox 764 703 870 768; x_wconf 87' lang='lat' dir='ltr'><strong>vitare</strong></span> <span class='ocrx_word' id='word_1_20' title='bbox 892 723 958 768; x_wconf 91' lang='lat' dir='ltr'><strong>nou</strong></span> <span class='ocrx_word' id='word_1_21' title='bbox 976 715 1114 788; x_wconf 86' lang='lat' dir='ltr'><strong>posset,</strong></span> <span class='ocrx_word' id='word_1_22' title='bbox 1149 703 1301 772; x_wconf 83' lang='lat' dir='ltr'><strong>voluuta-</strong></span> 
     </span>
     <span class='ocr_line' id='line_1_5' title="bbox 301 797 1296 900; baseline 0.004 -22"><span class='ocrx_word' id='word_1_23' title='bbox 301 822 367 879; x_wconf 89' lang='lat' dir='ltr'><strong>tam</strong></span> <span class='ocrx_word' id='word_1_24' title='bbox 388 809 456 884; x_wconf 83' lang='lat' dir='ltr'><strong>Dei</strong></span> <span class='ocrx_word' id='word_1_25' title='bbox 477 831 559 880; x_wconf 84' lang='lat' dir='ltr'><strong>tuae</strong></span> <span class='ocrx_word' id='word_1_26' title='bbox 579 825 823 896; x_wconf 76' lang='lat' dir='ltr'><strong>praeponeret,</strong></span> <span class='ocrx_word' id='word_1_27' title='bbox 849 826 886 880; x_wconf 87' lang='lat' dir='ltr'><strong>ut</strong></span> <span class='ocrx_word' id='word_1_28' title='bbox 915 815 1056 883; x_wconf 77' lang='lat' dir='ltr'><strong>diceret:</strong></span> <span class='ocrx_word' id='word_1_29' title='bbox 1093 815 1153 882; x_wconf 84' lang='lat' dir='ltr'><strong>fist</strong></span> <span class='ocrx_word' id='word_1_30' title='bbox 1181 797 1296 900; x_wconf 64' lang='lat' dir='ltr'><strong>polun-</strong></span> 
     </span>
     <span class='ocr_line' id='line_1_6' title="bbox 299 917 1299 1011; baseline 0.003 -19"><span class='ocrx_word' id='word_1_31' title='bbox 299 937 353 992; x_wconf 85' lang='lat' dir='ltr'><strong>tas</strong></span> <span class='ocrx_word' id='word_1_32' title='bbox 382 937 458 992; x_wconf 56' lang='lat' dir='ltr'><strong>tuat</strong></span> <span class='ocrx_word' id='word_1_33' title='bbox 494 921 655 992; x_wconf 78' lang='lat' dir='ltr'>Similiter</span> <span class='ocrx_word' id='word_1_34' title='bbox 687 927 817 1011; x_wconf 87' lang='lat' dir='ltr'><strong>quando</strong></span> <span class='ocrx_word' id='word_1_35' title='bbox 850 927 951 994; x_wconf 78' lang='lat' dir='ltr'><strong>dixit:</strong></span> <span class='ocrx_word' id='word_1_36' title='bbox 981 930 1084 994; x_wconf 85' lang='lat' dir='ltr'><strong>tristis</strong></span> <span class='ocrx_word' id='word_1_37' title='bbox 1113 917 1167 995; x_wconf 53' lang='lat' dir='ltr'><strong>est&#39;</strong></span> <span class='ocrx_word' id='word_1_38' title='bbox 1192 932 1299 996; x_wconf 87' lang='lat' dir='ltr'><strong>anima</strong></span> 
     </span>
     <span class='ocr_line' id='line_1_7' title="bbox 298 1019 1300 1126; baseline 0.008 -24"><span class='ocrx_word' id='word_1_39' title='bbox 298 1057 374 1103; x_wconf 87' lang='lat' dir='ltr'><strong>mea</strong></span> <span class='ocrx_word' id='word_1_40' title='bbox 394 1059 499 1124; x_wconf 86' lang='lat' dir='ltr'><strong>usque</strong></span> <span class='ocrx_word' id='word_1_41' title='bbox 521 1037 565 1104; x_wconf 83' lang='lat' dir='ltr'><strong>ad</strong></span> <span class='ocrx_word' id='word_1_42' title='bbox 585 1049 742 1119; x_wconf 89' lang='lat' dir='ltr'><strong>mortem,</strong></span> <span class='ocrx_word' id='word_1_43' title='bbox 778 1051 811 1105; x_wconf 91' lang='lat' dir='ltr'><strong>et</strong></span> <span class='ocrx_word' id='word_1_44' title='bbox 838 1039 969 1126; x_wconf 82' lang='lat' dir='ltr'><strong>quando</strong></span> <span class='ocrx_word' id='word_1_45' title='bbox 994 1019 1102 1126; x_wconf 79' lang='lat' dir='ltr'><strong>eoepit</strong></span> <span class='ocrx_word' id='word_1_46' title='bbox 1124 1064 1247 1126; x_wconf 86' lang='lat' dir='ltr'><strong>pavere</strong></span> <span class='ocrx_word' id='word_1_47' title='bbox 1269 1056 1300 1110; x_wconf 91' lang='lat' dir='ltr'><strong>ot</strong></span> 
     </span>
     <span class='ocr_line' id='line_1_8' title="bbox 299 1149 1299 1235; baseline 0.004 -19"><span class='ocrx_word' id='word_1_48' title='bbox 299 1149 445 1218; x_wconf 75' lang='lat' dir='ltr'><strong>taedere.</strong></span> <span class='ocrx_word' id='word_1_49' title='bbox 489 1149 530 1218; x_wconf 87' lang='lat' dir='ltr'><strong>la</strong></span> <span class='ocrx_word' id='word_1_50' title='bbox 552 1149 605 1218; x_wconf 80' lang='lat' dir='ltr'><strong>luis</strong></span> <span class='ocrx_word' id='word_1_51' title='bbox 628 1151 797 1233; x_wconf 66' lang='lat' dir='ltr'><strong>omuibuss</strong></span> <span class='ocrx_word' id='word_1_52' title='bbox 817 1165 854 1218; x_wconf 91' lang='lat' dir='ltr'><strong>ut</strong></span> <span class='ocrx_word' id='word_1_53' title='bbox 876 1154 1005 1235; x_wconf 87' lang='lat' dir='ltr'><strong>dicunt,</strong></span> <span class='ocrx_word' id='word_1_54' title='bbox 1036 1154 1299 1220; x_wconf 79' lang='lat' dir='ltr'><strong>transformatio·</strong></span> 
     </span>
     <span class='ocr_line' id='line_1_9' title="bbox 298 1259 1300 1352; baseline 0.004 -22"><span class='ocrx_word' id='word_1_55' title='bbox 298 1285 377 1333; x_wconf 91' lang='lat' dir='ltr'><strong>nom</strong></span> <span class='ocrx_word' id='word_1_56' title='bbox 395 1263 615 1332; x_wconf 86' lang='lat' dir='ltr'><strong>membrorum</strong></span> <span class='ocrx_word' id='word_1_57' title='bbox 635 1266 671 1331; x_wconf 89' lang='lat' dir='ltr'><strong>in</strong></span> <span class='ocrx_word' id='word_1_58' title='bbox 692 1285 730 1332; x_wconf 87' lang='lat' dir='ltr'><strong>se</strong></span> <span class='ocrx_word' id='word_1_59' title='bbox 756 1265 850 1333; x_wconf 83' lang='lat' dir='ltr'><strong>feeit.</strong></span> <span class='ocrx_word' id='word_1_60' title='bbox 892 1266 936 1332; x_wconf 88' lang='lat' dir='ltr'><strong>Et</strong></span> <span class='ocrx_word' id='word_1_61' title='bbox 963 1267 1094 1352; x_wconf 79' lang='lat' dir='ltr'><strong>quidem</strong></span> <span class='ocrx_word' id='word_1_62' title='bbox 1114 1259 1196 1333; x_wconf 85' lang='lat' dir='ltr'><strong>satis</strong></span> <span class='ocrx_word' id='word_1_63' title='bbox 1220 1290 1300 1334; x_wconf 85' lang='lat' dir='ltr'><strong>sane</strong></span> 
     </span>
     <span class='ocr_line' id='line_1_10' title="bbox 299 1372 1298 1466; baseline 0 -20"><span class='ocrx_word' id='word_1_64' title='bbox 299 1381 350 1446; x_wconf 84' lang='lat' dir='ltr'><strong>sit</strong></span> <span class='ocrx_word' id='word_1_65' title='bbox 379 1390 491 1464; x_wconf 81' lang='lat' dir='ltr'><strong>potest</strong></span> <span class='ocrx_word' id='word_1_66' title='bbox 523 1381 665 1465; x_wconf 82' lang='lat' dir='ltr'><strong>exponi,</strong></span> <span class='ocrx_word' id='word_1_67' title='bbox 700 1381 795 1464; x_wconf 85' lang='lat' dir='ltr'><strong>quia,</strong></span> <span class='ocrx_word' id='word_1_68' title='bbox 830 1391 866 1446; x_wconf 91' lang='lat' dir='ltr'><strong>ut</strong></span> <span class='ocrx_word' id='word_1_69' title='bbox 894 1380 983 1447; x_wconf 80' lang='lat' dir='ltr'><strong>idem</strong></span> <span class='ocrx_word' id='word_1_70' title='bbox 1015 1383 1062 1445; x_wconf 90' lang='lat' dir='ltr'><strong>ait</strong></span> <span class='ocrx_word' id='word_1_71' title='bbox 1083 1372 1298 1466; x_wconf 80' lang='lat' dir='ltr'><strong>Augustinus,</strong></span> 
     </span>
     <span class='ocr_line' id='line_1_11' title="bbox 300 1492 1298 1580; baseline 0 -21"><span class='ocrx_word' id='word_1_72' title='bbox 300 1493 428 1580; x_wconf 79' lang='lat' dir='ltr'><strong>quando</strong></span> <span class='ocrx_word' id='word_1_73' title='bbox 451 1493 595 1580; x_wconf 78' lang='lat' dir='ltr'><strong>aliquem</strong></span> <span class='ocrx_word' id='word_1_74' title='bbox 616 1513 747 1559; x_wconf 85' lang='lat' dir='ltr'><strong>versum</strong></span> <span class='ocrx_word' id='word_1_75' title='bbox 767 1494 825 1559; x_wconf 84' lang='lat' dir='ltr'><strong>isti</strong></span> <span class='ocrx_word' id='word_1_76' title='bbox 845 1494 905 1573; x_wconf 90' lang='lat' dir='ltr'><strong>sio,</strong></span> <span class='ocrx_word' id='word_1_77' title='bbox 929 1492 982 1559; x_wconf 92' lang='lat' dir='ltr'><strong>illi</strong></span> <span class='ocrx_word' id='word_1_78' title='bbox 1004 1492 1102 1559; x_wconf 87' lang='lat' dir='ltr'><strong>aliter</strong></span> <span class='ocrx_word' id='word_1_79' title='bbox 1121 1503 1298 1576; x_wconf 80' lang='lat' dir='ltr'><strong>exponunt,</strong></span> 
     </span>
     <span class='ocr_line' id='line_1_12' title="bbox 300 1585 1300 1700; baseline 0 -28"><span class='ocrx_word' id='word_1_80' title='bbox 300 1604 409 1673; x_wconf 84' lang='lat' dir='ltr'><strong>bonae</strong></span> <span class='ocrx_word' id='word_1_81' title='bbox 439 1617 474 1672; x_wconf 86' lang='lat' dir='ltr'><strong>ot</strong></span> <span class='ocrx_word' id='word_1_82' title='bbox 505 1585 739 1700; x_wconf 78' lang='lat' dir='ltr'><strong>convenientes</strong></span> <span class='ocrx_word' id='word_1_83' title='bbox 773 1619 911 1692; x_wconf 90' lang='lat' dir='ltr'><strong>possunt</strong></span> <span class='ocrx_word' id='word_1_84' title='bbox 949 1627 1024 1684; x_wconf 84' lang='lat' dir='ltr'><strong>esse</strong></span> <span class='ocrx_word' id='word_1_85' title='bbox 1061 1609 1300 1690; x_wconf 74' lang='lat' dir='ltr'><strong>expositiones,</strong></span> 
     </span>
     <span class='ocr_line' id='line_1_13' title="bbox 300 1699 1301 1808; baseline 0 -20"><span class='ocrx_word' id='word_1_86' title='bbox 300 1723 457 1808; x_wconf 81' lang='lat' dir='ltr'><strong>quamvis</strong></span> <span class='ocrx_word' id='word_1_87' title='bbox 481 1699 658 1788; x_wconf 60' lang='lat' dir='ltr'><strong>diversant</strong></span> <span class='ocrx_word' id='word_1_88' title='bbox 684 1722 761 1806; x_wconf 85' lang='lat' dir='ltr'><strong>quia</strong></span> <span class='ocrx_word' id='word_1_89' title='bbox 788 1707 888 1800; x_wconf 84' lang='lat' dir='ltr'><strong>lieet,</strong></span> <span class='ocrx_word' id='word_1_90' title='bbox 926 1721 981 1805; x_wconf 81' lang='lat' dir='ltr'><strong>qui</strong></span> <span class='ocrx_word' id='word_1_91' title='bbox 1014 1723 1203 1804; x_wconf 72' lang='lat' dir='ltr'><strong>scripserit,</strong></span> <span class='ocrx_word' id='word_1_92' title='bbox 1236 1743 1301 1788; x_wconf 90' lang='lat' dir='ltr'><strong>uno</strong></span> 
     </span>
     <span class='ocr_line' id='line_1_14' title="bbox 298 1832 1299 1914; baseline -0.002 -13"><span class='ocrx_word' id='word_1_93' title='bbox 298 1833 398 1902; x_wconf 77' lang='lat' dir='ltr'><strong>morlo</strong></span> <span class='ocrx_word' id='word_1_94' title='bbox 420 1844 547 1900; x_wconf 86' lang='lat' dir='ltr'><strong>tanturn</strong></span> <span class='ocrx_word' id='word_1_95' title='bbox 565 1832 788 1914; x_wconf 81' lang='lat' dir='ltr'><strong>intellexerit,</strong></span> <span class='ocrx_word' id='word_1_96' title='bbox 819 1843 929 1900; x_wconf 90' lang='lat' dir='ltr'><strong>tamen</strong></span> <span class='ocrx_word' id='word_1_97' title='bbox 959 1845 994 1898; x_wconf 90' lang='lat' dir='ltr'><strong>et</strong></span> <span class='ocrx_word' id='word_1_98' title='bbox 1025 1846 1074 1898; x_wconf 93' lang='lat' dir='ltr'><strong>tot</strong></span> <span class='ocrx_word' id='word_1_99' title='bbox 1106 1848 1140 1899; x_wconf 90' lang='lat' dir='ltr'><strong>et</strong></span> <span class='ocrx_word' id='word_1_100' title='bbox 1162 1847 1230 1899; x_wconf 89' lang='lat' dir='ltr'><strong>tarn</strong></span> <span class='ocrx_word' id='word_1_101' title='bbox 1252 1835 1299 1899; x_wconf 79' lang='lat' dir='ltr'><strong>di-</strong></span> 
     </span>
     <span class='ocr_line' id='line_1_15' title="bbox 299 1925 1300 2038; baseline 0 -24"><span class='ocrx_word' id='word_1_102' title='bbox 299 1925 406 2038; x_wconf 72' lang='lat' dir='ltr'><strong>versis</strong></span> <span class='ocrx_word' id='word_1_103' title='bbox 438 1948 545 2014; x_wconf 87' lang='lat' dir='ltr'><strong>modis</strong></span> <span class='ocrx_word' id='word_1_104' title='bbox 567 1967 680 2031; x_wconf 86' lang='lat' dir='ltr'><strong>-posoa</strong></span> <span class='ocrx_word' id='word_1_105' title='bbox 713 1948 948 2013; x_wconf 83' lang='lat' dir='ltr'><strong>convenienter</strong></span> <span class='ocrx_word' id='word_1_106' title='bbox 980 1950 1122 2030; x_wconf 87' lang='lat' dir='ltr'><strong>exponi,</strong></span> <span class='ocrx_word' id='word_1_107' title='bbox 1160 1946 1300 2032; x_wconf 77' lang='lat' dir='ltr'><strong>Spiritus</strong></span> 
     </span>
     <span class='ocr_line' id='line_1_16' title="bbox 300 2062 628 2148; baseline -0.009 -22"><span class='ocrx_word' id='word_1_108' title='bbox 300 2072 434 2127; x_wconf 83' lang='lat' dir='ltr'><strong>sanetus</strong></span> <span class='ocrx_word' id='word_1_109' title='bbox 459 2062 628 2148; x_wconf 80' lang='lat' dir='ltr'><strong>cognovit.</strong></span> 
     </span>
     <span class='ocr_line' id='line_1_17' title="bbox 384 2169 1300 2260; baseline 0 -22"><span class='ocrx_word' id='word_1_110' title='bbox 384 2172 452 2238; x_wconf 82' lang='lat' dir='ltr'><strong>Sed</strong></span> <span class='ocrx_word' id='word_1_111' title='bbox 486 2173 576 2238; x_wconf 86' lang='lat' dir='ltr'><strong>dieat</strong></span> <span class='ocrx_word' id='word_1_112' title='bbox 605 2170 808 2260; x_wconf 81' lang='lat' dir='ltr'><strong>Augustinus</strong></span> <span class='ocrx_word' id='word_1_113' title='bbox 841 2169 1044 2238; x_wconf 82' lang='lat' dir='ltr'><strong>voluntatem</strong></span> <span class='ocrx_word' id='word_1_114' title='bbox 1081 2193 1197 2254; x_wconf 85' lang='lat' dir='ltr'><strong>auam,</strong></span> <span class='ocrx_word' id='word_1_115' title='bbox 1241 2195 1300 2240; x_wconf 86' lang='lat' dir='ltr'><strong>nos</strong></span> 
     </span>
     <span class='ocr_line' id='line_1_18' title="bbox 175 2284 1302 2370; baseline -0.001 -17"><span class='ocrx_word' id='word_1_116' title='bbox 175 2362 177 2370; x_wconf 19' lang='lat' dir='ltr'>y</span> <span class='ocrx_word' id='word_1_117' title='bbox 298 2307 379 2354; x_wconf 83' lang='lat' dir='ltr'><strong>vero</strong></span> <span class='ocrx_word' id='word_1_118' title='bbox 401 2286 551 2367; x_wconf 74' lang='lat' dir='ltr'><strong>dicimus,</strong></span> <span class='ocrx_word' id='word_1_119' title='bbox 575 2286 664 2369; x_wconf 86' lang='lat' dir='ltr'><strong>quia,</strong></span> <span class='ocrx_word' id='word_1_120' title='bbox 687 2285 772 2350; x_wconf 87' lang='lat' dir='ltr'><strong>siout</strong></span> <span class='ocrx_word' id='word_1_121' title='bbox 793 2307 906 2350; x_wconf 83' lang='lat' dir='ltr'><strong>veram</strong></span> <span class='ocrx_word' id='word_1_122' title='bbox 925 2284 1161 2351; x_wconf 77' lang='lat' dir='ltr'><strong>humanitatem</strong></span> <span class='ocrx_word' id='word_1_123' title='bbox 1175 2306 1302 2352; x_wconf 87' lang='lat' dir='ltr'><strong>essum·</strong></span> 
     </span>
     <span class='ocr_line' id='line_1_19' title="bbox 298 2374 1347 2487; baseline -0.003 -21"><span class='ocrx_word' id='word_1_124' title='bbox 298 2401 355 2481; x_wconf 83' lang='lat' dir='ltr'><strong>sit,</strong></span> <span class='ocrx_word' id='word_1_125' title='bbox 376 2400 425 2466; x_wconf 89' lang='lat' dir='ltr'><strong>ita</strong></span> <span class='ocrx_word' id='word_1_126' title='bbox 446 2399 608 2467; x_wconf 79' lang='lat' dir='ltr'><strong>humanae</strong></span> <span class='ocrx_word' id='word_1_127' title='bbox 630 2379 834 2464; x_wconf 74' lang='lat' dir='ltr'><strong>in‘fiimitatis</strong></span> <span class='ocrx_word' id='word_1_128' title='bbox 851 2374 950 2462; x_wconf 77' lang='lat' dir='ltr'><strong>veros</strong></span> <span class='ocrx_word' id='word_1_129' title='bbox 967 2397 1115 2462; x_wconf 85' lang='lat' dir='ltr'><strong>defectus</strong></span> <span class='ocrx_word' id='word_1_130' title='bbox 1132 2396 1299 2464; x_wconf 83' lang='lat' dir='ltr'><strong>habuerit:</strong></span> <span class='ocrx_word' id='word_1_131' title='bbox 1346 2465 1347 2487; x_wconf 14' lang='grc' dir='ltr'>χ</span> 
     </span>
     <span class='ocr_line' id='line_1_20' title="bbox 298 2511 1331 2602; baseline -0.006 -22"><span class='ocrx_word' id='word_1_132' title='bbox 298 2514 388 2602; x_wconf 81' lang='lat' dir='ltr'><strong>quod</strong></span> <span class='ocrx_word' id='word_1_133' title='bbox 421 2525 456 2580; x_wconf 86' lang='lat' dir='ltr'><strong>ot</strong></span> <span class='ocrx_word' id='word_1_134' title='bbox 497 2514 607 2582; x_wconf 87' lang='lat' dir='ltr'><strong>saneti</strong></span> <span class='ocrx_word' id='word_1_135' title='bbox 643 2511 842 2577; x_wconf 89' lang='lat' dir='ltr'><strong>unanimiter</strong></span> <span class='ocrx_word' id='word_1_136' title='bbox 875 2522 1037 2576; x_wconf 88' lang='lat' dir='ltr'><strong>asserunt.</strong></span> <span class='ocrx_word' id='word_1_137' title='bbox 1092 2511 1165 2575; x_wconf 86' lang='lat' dir='ltr'><strong>Leo</strong></span> <span class='ocrx_word' id='word_1_138' title='bbox 1202 2532 1300 2595; x_wconf 85' lang='lat' dir='ltr'><strong>papa,</strong></span> <span class='ocrx_word' id='word_1_139' title='bbox 1319 2529 1331 2591; x_wconf 63' lang='grc' dir='ltr'><strong>ἰ</strong></span> 
     </span>
     <span class='ocr_line' id='line_1_21' title="bbox 298 2620 1299 2710; baseline -0.007 -17"><span class='ocrx_word' id='word_1_140' title='bbox 298 2627 463 2707; x_wconf 78' lang='lat' dir='ltr'><strong>domiuus,</strong></span> <span class='ocrx_word' id='word_1_141' title='bbox 483 2626 602 2710; x_wconf 84' lang='lat' dir='ltr'><strong>inquit,</strong></span> <span class='ocrx_word' id='word_1_142' title='bbox 622 2623 720 2690; x_wconf 85' lang='lat' dir='ltr'><strong>Jesus</strong></span> <span class='ocrx_word' id='word_1_143' title='bbox 743 2620 894 2708; x_wconf 76' lang='lat' dir='ltr'><strong>Christus</strong></span> <span class='ocrx_word' id='word_1_144' title='bbox 917 2623 1026 2688; x_wconf 90' lang='lat' dir='ltr'><strong>omnia</strong></span> <span class='ocrx_word' id='word_1_145' title='bbox 1041 2634 1155 2688; x_wconf 88' lang='lat' dir='ltr'><strong>nostra</strong></span> <span class='ocrx_word' id='word_1_146' title='bbox 1168 2636 1299 2706; x_wconf 90' lang='lat' dir='ltr'><strong>praeter</strong></span> 
     </span>
     <span class='ocr_line' id='line_1_22' title="bbox 297 2722 1300 2824; baseline -0.001 -20"><span class='ocrx_word' id='word_1_147' title='bbox 297 2722 470 2824; x_wconf 77' lang='lat' dir='ltr'><strong>peceatum</strong></span> <span class='ocrx_word' id='word_1_148' title='bbox 500 2738 668 2803; x_wconf 86' lang='lat' dir='ltr'><strong>assumsit.</strong></span> <span class='ocrx_word' id='word_1_149' title='bbox 711 2733 804 2802; x_wconf 87' lang='lat' dir='ltr'><strong>Idem</strong></span> <span class='ocrx_word' id='word_1_150' title='bbox 834 2756 962 2822; x_wconf 84' lang='lat' dir='ltr'><strong>quoque</strong></span> <span class='ocrx_word' id='word_1_151' title='bbox 983 2735 1205 2824; x_wconf 80' lang='lat' dir='ltr'><strong>Augustinus:</strong></span> <span class='ocrx_word' id='word_1_152' title='bbox 1244 2759 1300 2803; x_wconf 86' lang='lat' dir='ltr'><strong>vo·</strong></span> 
     </span>
     <span class='ocr_line' id='line_1_23' title="bbox 296 2850 1301 2920; baseline -0.005 0"><span class='ocrx_word' id='word_1_153' title='bbox 296 2850 460 2920; x_wconf 86' lang='lat' dir='ltr'><strong>luntatem</strong></span> <span class='ocrx_word' id='word_1_154' title='bbox 487 2861 634 2917; x_wconf 87' lang='lat' dir='ltr'><strong>nostram</strong></span> <span class='ocrx_word' id='word_1_155' title='bbox 662 2854 818 2916; x_wconf 79' lang='lat' dir='ltr'><strong>assumsit</strong></span> <span class='ocrx_word' id='word_1_156' title='bbox 849 2861 884 2914; x_wconf 93' lang='lat' dir='ltr'><strong>et</strong></span> <span class='ocrx_word' id='word_1_157' title='bbox 912 2853 1099 2918; x_wconf 81' lang='lat' dir='ltr'><strong>tristitiam:</strong></span> <span class='ocrx_word' id='word_1_158' title='bbox 1134 2853 1301 2916; x_wconf 86' lang='lat' dir='ltr'><strong>tristitiem</strong></span> 
     </span>
     <span class='ocr_line' id='line_1_24' title="bbox 298 2959 1300 3048; baseline -0.003 -17"><span class='ocrx_word' id='word_1_159' title='bbox 298 2962 503 3032; x_wconf 78' lang='lat' dir='ltr'><strong>confidenter</strong></span> <span class='ocrx_word' id='word_1_160' title='bbox 524 2959 611 3045; x_wconf 83' lang='lat' dir='ltr'><strong>dito,</strong></span> <span class='ocrx_word' id='word_1_161' title='bbox 634 2964 711 3048; x_wconf 84' lang='lat' dir='ltr'><strong>quis</strong></span> <span class='ocrx_word' id='word_1_162' title='bbox 733 2964 1040 3046; x_wconf 85' lang='lat' dir='ltr'><strong>orueempraedioo.</strong></span> <span class='ocrx_word' id='word_1_163' title='bbox 1080 2962 1300 3045; x_wconf 64' lang='lat' dir='ltr'><strong>Habueras)</strong></span> 
     </span>
     <span class='ocr_line' id='line_1_25' title="bbox 295 3071 1302 3166; baseline -0.004 -22"><span class='ocrx_word' id='word_1_164' title='bbox 295 3071 397 3166; x_wconf 78' lang='lat' dir='ltr'><strong>igitur</strong></span> <span class='ocrx_word' id='word_1_165' title='bbox 416 3097 528 3143; x_wconf 86' lang='lat' dir='ltr'><strong>veram</strong></span> <span class='ocrx_word' id='word_1_166' title='bbox 548 3077 719 3143; x_wconf 85' lang='lat' dir='ltr'><strong>tristitiam</strong></span> <span class='ocrx_word' id='word_1_167' title='bbox 741 3090 776 3142; x_wconf 90' lang='lat' dir='ltr'><strong>et</strong></span> <span class='ocrx_word' id='word_1_168' title='bbox 796 3097 893 3142; x_wconf 87' lang='lat' dir='ltr'><strong>veros</strong></span> <span class='ocrx_word' id='word_1_169' title='bbox 920 3075 1078 3158; x_wconf 85' lang='lat' dir='ltr'><strong>dolores,</strong></span> <span class='ocrx_word' id='word_1_170' title='bbox 1108 3089 1142 3141; x_wconf 90' lang='lat' dir='ltr'><strong>et</strong></span> <span class='ocrx_word' id='word_1_171' title='bbox 1162 3099 1233 3143; x_wconf 87' lang='lat' dir='ltr'><strong>nen</strong></span> <span class='ocrx_word' id='word_1_172' title='bbox 1260 3078 1302 3142; x_wconf 91' lang='lat' dir='ltr'><strong>si·</strong></span> 
     </span>
     <span class='ocr_line' id='line_1_26' title="bbox 295 3188 1300 3275; baseline -0.004 -17"><span class='ocrx_word' id='word_1_173' title='bbox 295 3188 502 3258; x_wconf 86' lang='lat' dir='ltr'><strong>mulstorios.</strong></span> <span class='ocrx_word' id='word_1_174' title='bbox 535 3189 598 3257; x_wconf 85' lang='lat' dir='ltr'><strong>De</strong></span> <span class='ocrx_word' id='word_1_175' title='bbox 619 3189 683 3256; x_wconf 88' lang='lat' dir='ltr'><strong>hoo</strong></span> <span class='ocrx_word' id='word_1_176' title='bbox 704 3190 804 3269; x_wconf 86' lang='lat' dir='ltr'><strong>euim,</strong></span> <span class='ocrx_word' id='word_1_177' title='bbox 829 3189 915 3275; x_wconf 84' lang='lat' dir='ltr'><strong>quod</strong></span> <span class='ocrx_word' id='word_1_178' title='bbox 937 3189 1088 3256; x_wconf 87' lang='lat' dir='ltr'><strong>Hilarius</strong></span> <span class='ocrx_word' id='word_1_179' title='bbox 1110 3191 1202 3268; x_wconf 85' lang='lat' dir='ltr'><strong>dieit,</strong></span> <span class='ocrx_word' id='word_1_180' title='bbox 1227 3209 1300 3256; x_wconf 87' lang='lat' dir='ltr'><strong>eum</strong></span> 
     </span>
     <span class='ocr_line' id='line_1_27' title="bbox 194 3293 1302 3385; baseline -0.006 -13"><span class='ocrx_word' id='word_1_181' title='bbox 194 3293 197 3298; x_wconf 63' lang='grc'><strong>’</strong></span> <span class='ocrx_word' id='word_1_182' title='bbox 297 3325 366 3372; x_wconf 89' lang='lat' dir='ltr'><strong>uon</strong></span> <span class='ocrx_word' id='word_1_183' title='bbox 387 3302 487 3370; x_wconf 89' lang='lat' dir='ltr'><strong>aliter</strong></span> <span class='ocrx_word' id='word_1_184' title='bbox 518 3305 665 3371; x_wconf 85' lang='lat' dir='ltr'><strong>sensisse</strong></span> <span class='ocrx_word' id='word_1_185' title='bbox 698 3301 812 3369; x_wconf 85' lang='lat' dir='ltr'><strong>elavos</strong></span> <span class='ocrx_word' id='word_1_186' title='bbox 845 3301 983 3385; x_wconf 86' lang='lat' dir='ltr'><strong>pedibus</strong></span> <span class='ocrx_word' id='word_1_187' title='bbox 1014 3313 1047 3367; x_wconf 91' lang='lat' dir='ltr'><strong>et</strong></span> <span class='ocrx_word' id='word_1_188' title='bbox 1077 3302 1232 3368; x_wconf 89' lang='lat' dir='ltr'><strong>manibus</strong></span> <span class='ocrx_word' id='word_1_189' title='bbox 1255 3304 1302 3385; x_wconf 55' lang='lat' dir='ltr'><strong>inf</strong></span> 
     </span>
     <span class='ocr_line' id='line_1_28' title="bbox 247 3415 1299 3506; baseline -0.006 -21"><span class='ocrx_word' id='word_1_190' title='bbox 247 3421 250 3430; x_wconf 89' lang='lat'>&#39;</span> <span class='ocrx_word' id='word_1_191' title='bbox 296 3415 405 3499; x_wconf 84' lang='lat' dir='ltr'><strong>fisos,</strong></span> <span class='ocrx_word' id='word_1_192' title='bbox 433 3416 582 3502; x_wconf 84' lang='lat' dir='ltr'><strong>quamsi</strong></span> <span class='ocrx_word' id='word_1_193' title='bbox 605 3435 704 3482; x_wconf 83' lang='lat' dir='ltr'><strong>nerse</strong></span> <span class='ocrx_word' id='word_1_194' title='bbox 722 3415 960 3504; x_wconf 81' lang='lat' dir='ltr'><strong>infigerentur,</strong></span> <span class='ocrx_word' id='word_1_195' title='bbox 989 3435 1119 3482; x_wconf 84' lang='lat' dir='ltr'><strong>errasse</strong></span> <span class='ocrx_word' id='word_1_196' title='bbox 1141 3417 1299 3506; x_wconf 80' lang='lat' dir='ltr'><strong>arguitur.</strong></span> 
     </span>
     <span class='ocr_line' id='line_1_29' title="bbox 296 3526 1299 3614; baseline -0.003 -19"><span class='ocrx_word' id='word_1_197' title='bbox 296 3526 373 3596; x_wconf 87' lang='lat' dir='ltr'><strong>Nisi</strong></span> <span class='ocrx_word' id='word_1_198' title='bbox 405 3530 493 3595; x_wconf 88' lang='lat' dir='ltr'><strong>euim</strong></span> <span class='ocrx_word' id='word_1_199' title='bbox 524 3538 615 3594; x_wconf 88' lang='lat' dir='ltr'><strong>esset</strong></span> <span class='ocrx_word' id='word_1_200' title='bbox 640 3527 689 3600; x_wconf 85' lang='lat' dir='ltr'><strong>ibi</strong></span> <span class='ocrx_word' id='word_1_201' title='bbox 717 3530 849 3612; x_wconf 84' lang='lat' dir='ltr'><strong>passio,</strong></span> <span class='ocrx_word' id='word_1_202' title='bbox 881 3548 946 3593; x_wconf 90' lang='lat' dir='ltr'><strong>non</strong></span> <span class='ocrx_word' id='word_1_203' title='bbox 983 3540 1075 3594; x_wconf 88' lang='lat' dir='ltr'><strong>esset</strong></span> <span class='ocrx_word' id='word_1_204' title='bbox 1104 3528 1153 3594; x_wconf 86' lang='lat' dir='ltr'><strong>ibi</strong></span> <span class='ocrx_word' id='word_1_205' title='bbox 1174 3527 1299 3614; x_wconf 80' lang='lat' dir='ltr'><strong>aliquid</strong></span> 
     </span>
     <span class='ocr_line' id='line_1_30' title="bbox 261 3637 1303 3722; baseline -0.002 -14"><span class='ocrx_word' id='word_1_206' title='bbox 261 3703 263 3708; x_wconf 89' lang='lat'><em>.</em></span> <span class='ocrx_word' id='word_1_207' title='bbox 297 3653 415 3708; x_wconf 91' lang='lat' dir='ltr'><strong>ooutra</strong></span> <span class='ocrx_word' id='word_1_208' title='bbox 436 3640 651 3709; x_wconf 85' lang='lat' dir='ltr'><strong>voluntatem.</strong></span> <span class='ocrx_word' id='word_1_209' title='bbox 694 3638 792 3707; x_wconf 86' lang='lat' dir='ltr'><strong>Unde</strong></span> <span class='ocrx_word' id='word_1_210' title='bbox 811 3642 846 3706; x_wconf 90' lang='lat' dir='ltr'><strong>ia</strong></span> <span class='ocrx_word' id='word_1_211' title='bbox 867 3641 977 3708; x_wconf 84' lang='lat' dir='ltr'><strong>latura</strong></span> <span class='ocrx_word' id='word_1_212' title='bbox 1004 3642 1094 3722; x_wconf 85' lang='lat' dir='ltr'><strong>vita,</strong></span> <span class='ocrx_word' id='word_1_213' title='bbox 1123 3640 1181 3708; x_wconf 85' lang='lat' dir='ltr'><strong>ubi</strong></span> <span class='ocrx_word' id='word_1_214' title='bbox 1204 3637 1303 3708; x_wconf 40' lang='lat' dir='ltr'><strong>*nulla</strong></span> 
     </span>
     <span class='ocr_line' id='line_1_31' title="bbox 298 3752 1299 3840; baseline -0.003 -20"><span class='ocrx_word' id='word_1_215' title='bbox 298 3756 362 3820; x_wconf 84' lang='lat' dir='ltr'><strong>erit</strong></span> <span class='ocrx_word' id='word_1_216' title='bbox 380 3757 514 3840; x_wconf 73' lang='lat' dir='ltr'><strong>passio,</strong></span> <span class='ocrx_word' id='word_1_217' title='bbox 542 3752 628 3820; x_wconf 87' lang='lat' dir='ltr'><strong>nihil</strong></span> <span class='ocrx_word' id='word_1_218' title='bbox 656 3765 773 3820; x_wconf 88' lang='lat' dir='ltr'><strong>eontra</strong></span> <span class='ocrx_word' id='word_1_219' title='bbox 792 3752 998 3821; x_wconf 83' lang='lat' dir='ltr'><strong>voluntatem</strong></span> <span class='ocrx_word' id='word_1_220' title='bbox 1019 3753 1090 3820; x_wconf 88' lang='lat' dir='ltr'><strong>fiet.</strong></span> <span class='ocrx_word' id='word_1_221' title='bbox 1133 3752 1299 3822; x_wconf 88' lang='lat' dir='ltr'><strong>Voluntas</strong></span> 
     </span>
     <span class='ocr_line' id='line_1_32' title="bbox 298 3866 1298 3954; baseline -0.004 -20"><span class='ocrx_word' id='word_1_222' title='bbox 298 3867 387 3934; x_wconf 88' lang='lat' dir='ltr'><strong>euim</strong></span> <span class='ocrx_word' id='word_1_223' title='bbox 413 3887 579 3954; x_wconf 83' lang='lat' dir='ltr'><strong>nunquam</strong></span> <span class='ocrx_word' id='word_1_224' title='bbox 611 3879 663 3934; x_wconf 87' lang='lat' dir='ltr'><strong>est</strong></span> <span class='ocrx_word' id='word_1_225' title='bbox 701 3869 767 3934; x_wconf 89' lang='lat' dir='ltr'><strong>nisi</strong></span> <span class='ocrx_word' id='word_1_226' title='bbox 796 3889 870 3934; x_wconf 88' lang='lat' dir='ltr'><strong>oum</strong></span> <span class='ocrx_word' id='word_1_227' title='bbox 900 3866 1140 3944; x_wconf 73' lang='lat' dir='ltr'><strong>delectationes</strong></span> <span class='ocrx_word' id='word_1_228' title='bbox 1178 3871 1298 3954; x_wconf 83' lang='lat' dir='ltr'><strong>quippo</strong></span> 
     </span>
     <span class='ocr_line' id='line_1_33' title="bbox 298 3979 1297 4068; baseline -0.006 -19"><span class='ocrx_word' id='word_1_229' title='bbox 298 3979 385 4068; x_wconf 76' lang='lat' dir='ltr'><strong>puori</strong></span> <span class='ocrx_word' id='word_1_230' title='bbox 413 3979 560 4052; x_wconf 83' lang='lat' dir='ltr'><strong>‹leleotst</strong></span> <span class='ocrx_word' id='word_1_231' title='bbox 597 3979 681 4050; x_wconf 81' lang='lat' dir='ltr'><strong>illul</strong></span> <span class='ocrx_word' id='word_1_232' title='bbox 711 3980 881 4062; x_wconf 88' lang='lat' dir='ltr'><strong>volumus,</strong></span> <span class='ocrx_word' id='word_1_233' title='bbox 914 3981 1001 4068; x_wconf 85' lang='lat' dir='ltr'><strong>quod</strong></span> <span class='ocrx_word' id='word_1_234' title='bbox 1032 4001 1111 4054; x_wconf 84' lang='lat' dir='ltr'><strong>vero</strong></span> <span class='ocrx_word' id='word_1_235' title='bbox 1140 3979 1297 4050; x_wconf 85' lang='lat' dir='ltr'><strong>molestat</strong></span> 
     </span>
    </p>
   </div>
   <div class='ocr_carea' id='block_1_3' title="bbox 0 0 1374 4486">
    <p class='ocr_par' dir='ltr' id='par_1_3' title="bbox 0 0 1374 4486">
     <span class='ocr_line' id='line_1_34' title="bbox 0 0 1374 4486; baseline 0 0"><span class='ocrx_word' id='word_1_236' title='bbox 0 0 1374 4486; x_wconf 95' lang='lat' dir='ltr'><strong> </strong></span> 
     </span>
    </p>
   </div>
  </div>
 </body>
</html>
