2740 4486
1035 241 1087 320 81

96 411 187 480 modo
214 412 389 496 provenire
408 411 511 493 facit,
544 433 609 500 quo
639 411 757 482 melius
780 410 858 479 inde
879 423 990 500 potest
1011 435 1089 478 eve·

96 529 171 590 nire.
273 583 278 597 .
1130 504 1138 518 ⁵

174 636 340 704 Posthac
362 619 601 703 sacramentum
623 639 769 721 sequitur
784 636 891 712 aliud;
915 638 1000 722 quod
1017 639 1098 723 qui-.

96 753 164 818 dem
185 757 291 838 majus
315 767 366 817 est
388 767 542 836 quantum
563 755 605 817 ad
627 757 849 818 ministrorum
871 754 1084 839 dignitatern,

95 866 152 931 boc
175 869 260 932 enim
283 888 302 930 a
322 868 459 948 summis
482 867 691 948 pontificibus
715 868 871 946 traditur,
894 869 979 932 sicut
995 889 1014 931 a
1030 889 1085 932 so·

94 979 134 1044 lia
160 979 329 1062 Apostolis
359 979 559 1044 tradebatur.
609 980 704 1045 Prius
728 993 779 1044 est
805 983 936 1060 unctio,
968 995 1086 1063 postea

93 1071 248 1174 sequitur
264 1091 490 1156 Confirmatio.
535 1092 587 1156 Ibi
612 1073 783 1174 peccatum
813 1095 1001 1184 dimittitur,
1030 1097 1085 1161 hic

93 1208 214 1290 gratian
237 1206 323 1270 dona
345 1207 473 1270 dantur.
517 1203 603 1272 Nam
626 1205 679 1270 hic
694 1206 755 1270 illa
770 1209 877 1293 gratia
896 1208 1010 1300 procul
1025 1209 1084 1274 du·

27 1402 31 1412 .
91 1318 143 1383 bio
165 1321 277 1400 datur,
309 1343 373 1405 qua
395 1334 511 1386 centra
531 1319 666 1409 singula
694 1324 793 1401 vitia,
822 1325 887 1387 etsi
909 1344 973 1387 nun
996 1345 1083 1389 sem-

90 1457 146 1518 per
171 1436 364 1520 quandoque
394 1449 504 1502 tamen
532 1451 705 1526 pugnatur.
751 1439 812 1504 Est
840 1450 949 1503 autem
976 1436 1132 1525 gratia

90 1548 148 1620 illa
175 1551 268 1632 quasi
298 1562 463 1614 armatura
492 1551 670 1633 quaedam,
702 1573 764 1634 qua
792 1553 826 1616 iu
858 1550 921 1616 hoc
951 1551 1082 1616 deserto

90 1676 163 1747 pust
198 1668 369 1728 transitum
411 1665 562 1747 baptismi
594 1680 707 1741 contra
739 1667 821 1730 vitia
851 1687 1083 1752 repugnamus.

90 1777 177 1840 Sicut
198 1780 285 1842 enim
307 1778 484 1842 submersis
503 1777 697 1868 Aegyptiis,
721 1800 741 1843 a
762 1791 856 1865 tergo
871 1780 1083 1863 sequentibus

87 1887 172 1952 filius
193 1889 318 1974 lsrael,
341 1889 397 1953 alii
421 1888 532 1954 hostes
554 1913 613 1972 per
635 1891 800 1955 desertum
829 1913 886 1954 eos
917 1911 1084 1978 oppugna·
1140 1945 1141 1952 ,

85 2015 221 2081 verunt,
262 2006 310 2066 sic
342 2003 511 2066 submerso
546 2001 680 2067 diabolo
713 2004 747 2067 in
782 2003 994 2084 baptismate,
1027 2006 1082 2088 qui

86 2116 219 2196 primum
242 2137 303 2179 nos
325 2115 574 2198 insequebatur,
596 2115 700 2180 multa
714 2114 817 2192 ,nobis
838 2137 897 2198 per
913 2113 1010 2199 hujus
1032 2117 1082 2179 vi-

85 2238 139 2291 tae
162 2228 326 2295 desertum
347 2229 625 2306 vitiaretistunt,
658 2215 772 2292 contra
804 2250 886 2312 quae
916 2231 1024 2314 gratia
1045 2231 1080 2294 in

85 2336 148 2402 huc
179 2352 382 2403 sacramento
413 2341 489 2403 data
518 2335 611 2422 quasi
641 2352 805 2404 armatura
837 2351 872 2403 et
898 2342 1080 2406 munitione

84 2451 222 2534 quadam
251 2454 423 2516 munimur.
467 2450 632 2528 Quocirca
652 2452 766 2536 procul
789 2452 886 2517 dubio
910 2454 1079 2520 sciendum

83 2575 135 2628 est
157 2565 243 2648 quod
269 2578 486 2650 quantumque
511 2566 665 2650 indignus
684 2569 729 2630 sit
745 2566 929 2648 episcopus,
950 2568 984 2629 in
1001 2553 1079 2631 can·

56 2675 59 2680 ’
79 2679 266 2741 sectatione
290 2691 396 2743 tamen
418 2682 451 2743 ei
473 2677 557 2744 haec
578 2679 719 2744 facultas
744 2677 935 2757 exhibetur,
962 2693 999 2744 ut
1018 2702 1078 2762 per

77 2793 296 2857 ministerium
318 2790 400 2856 haec
421 2796 528 2878 gratia
550 2793 656 2857 detur.
671 2771 792 2856 '‘Sicut
814 2791 855 2855 de
880 2789 1004 2873 Caipha
1019 2791 1078 2855 ha·

77 2904 196 2985 betur,
221 2908 297 2989 quia
319 2926 390 2969 cum
413 2917 502 2969 esset
522 2906 673 2987 pontifex
695 2907 772 2969 anni
793 2903 903 2984 illius,
926 2924 990 2966 non
1002 2926 1078 2985 per·

76 3039 183 3084 sonae
204 3019 265 3083 sed
285 3019 435 3102 dignitati
454 3019 562 3104 gratia
581 3015 795 3099 prophetandi
812 3017 889 3079 data
905 3027 968 3080 est.
994 3013 1076 3080 Cum

77 3133 227 3196 enimin
250 3145 287 3195 se
309 3133 426 3217 dignus
449 3151 515 3194 non
538 3139 646 3206 esset,
669 3151 713 3194 ex
736 3127 847 3192 officio
871 3139 978 3190 tamen
999 3148 1076 3208 pro·

71 3244 228 3327 phetavit
256 3256 289 3308 et
320 3243 442 3325 Spiritu
470 3253 584 3308 sancto
606 3242 713 3306 dixit:
749 3240 881 3324 expedit
901 3237 1015 3318 vobis,
1037 3249 1075 3303 ut

68 3377 179 3436 unus,
201 3367 236 3419 ct
257 3365 380 3420 cetera.

449 3533 556 3620 caput
575 3530 709 3602 xxrx.

392 3673 438 3732 De
455 3677 630 3729 sacramento
646 3670 755 3727 altaria.

101 3760 104 3766 ι
161 3793 316 3879 Sequitur
343 3792 384 3858 de
410 3803 614 3856 sacramento
645 3789 774 3855 altaris.
820 3782 932 3870 Hujus
961 3805 1072 3851 sacra·

60 3907 180 3974 menti
202 3926 302 3974 cauea
323 3916 376 3972 est
394 3906 552 3973 memoria
571 3902 687 3972 mortis
704 3914 738 3967 et
751 3901 918 3986 passionis
934 3896 1073 3966 Christi.

836 4015 862 4076 Ι6
