2740 4486
296 259 352 335 82
383 253 402 270 ”

299 429 406 505 Quem
436 450 568 494 causam
597 421 753 511 ipsemet,
784 431 914 512 quando
942 446 1180 498 sacramentum
1209 434 1289 501 istud

295 545 329 607 in
345 565 447 606 coena
465 545 680 621 consecravit,
700 543 849 608 omnihus
864 547 1000 626 aperuit,
1023 567 1094 610 cum
1113 549 1179 612 ait:
1204 545 1288 622 Quo·

299 659 499 739 tiescumque
523 655 690 734 feceritis,
713 659 746 720 in
770 659 835 720 mei
857 661 1047 721 memoriam
1071 635 1291 726 facietisstssx

297 773 455 834 memoria
477 772 563 832 enim
587 770 763 832 amicorum
787 783 971 833 nostrorum
994 770 1130 836 multum
1153 771 1239 836 solut
1259 774 1290 838 in

298 881 392 946 nobis
416 881 550 944 dilectio
575 904 700 945 eorum.
743 881 795 944 Ad
818 884 977 964 majorem
998 885 1098 967 igitur
1121 887 1172 947 sui
1195 885 1291 949 dilec-

297 999 420 1060 tionem
439 995 619 1059 hahendam
640 995 700 1058 hoc
718 1009 955 1060 sacramentum
978 998 1012 1060 in
1036 999 1224 1066 memoriam
1246 999 1292 1063 sui

296 1109 369 1175 fieri
390 1110 541 1171 instituit.
588 1109 643 1172 Sic
667 1111 801 1172 enimin
818 1122 1023 1173 sacramento
1040 1109 1202 1176 Christum
1218 1133 1291 1192 prae

297 1221 402 1285 oculis
427 1220 548 1284 habere
571 1220 746 1297 debemus,
771 1232 934 1303 tamquam
956 1223 997 1284 ud
1013 1225 1291 1302 passionemduu·
1340 1283 1344 1296 ι

298 1349 382 1414 tum,
404 1358 537 1418 passum
559 1347 591 1397 et
614 1333 803 1398 crucifixum
827 1356 883 1416 pro
908 1334 1021 1413 nobis,
1052 1357 1135 1419 quae
1166 1359 1291 1418 reprae·
1343 1315 1344 1322 ἵ

297 1451 439 1513 sectatio
463 1448 650 1511 dilectionis
672 1446 763 1512 illius
793 1470 853 1512 nos
883 1469 1044 1512 memores
1076 1450 1175 1528 facit,
1199 1474 1291 1535 quarn
1342 1491 1344 1520 r

295 1563 367 1645 ipse
391 1562 485 1624 nobis
509 1561 669 1625 exhibuit.
720 1559 815 1624 Unde
844 1574 878 1624 et
906 1564 1024 1644 majori
1053 1563 1231 1626 dilectione
1253 1561 1292 1627 ad

295 1697 369 1740 eum
393 1673 650 1756 amplectendum
674 1684 707 1736 et
726 1695 783 1754 pro
808 1696 847 1736 eo
873 1677 1059 1756 patiendum
1077 1667 1291 1751 accendimur,

253 1796 255 1800 '
296 1811 379 1872 quae
402 1791 527 1852 vicaria
550 1787 685 1851 dilectio
709 1800 741 1849 et
763 1784 856 1850 illum
880 1787 974 1850 nohis
997 1801 1030 1850 ct
1052 1811 1112 1852 nos
1142 1788 1194 1852 illi
1218 1810 1292 1852 con·

290 1891 414 1987 jungit.
459 1901 533 1964 Huc
557 1911 796 1964 sacramentum
819 1901 853 1962 in
881 1921 965 1980 pane
989 1913 1022 1962 et
1044 1902 1120 1965 vino
1147 1900 1291 1964 celebra·

294 2029 356 2079 tur.
391 2013 487 2079 Unde
511 2013 707 2092 notandum,
732 2014 816 2096 quod
838 2015 931 2095 panis
953 2012 1012 2076 ille
1028 2027 1103 2076 ente
1120 2035 1290 2076 consecra·

293 2129 415 2192 tionem
435 2129 529 2210 panis
553 2139 604 2190 est
626 2138 660 2190 et
680 2126 790 2189 vinum
812 2125 964 2190 similiter
987 2129 1098 2190 vinum
1124 2139 1193 2192 est:
1217 2138 1290 2208 post

293 2241 576 2305 consecrationem
598 2261 676 2302 vero
701 2251 733 2300 et
750 2241 844 2320 panis
862 2261 977 2320 corpus
996 2237 1119 2302 Christi
1133 2253 1165 2302 et
1180 2241 1290 2304 vinum

293 2355 440 2441 sanguis
484 2353 538 2416 Sic
559 2354 659 2438 igitur
686 2373 799 2415 verum
829 2373 944 2433 corpus
975 2350 1098 2416 Christi
1128 2365 1196 2432 est,
1228 2356 1291 2417 imo

293 2466 367 2548 ipse
397 2463 574 2554 Christus„
609 2461 684 2527 Hoc
713 2485 828 2544 corpus
858 2477 1094 2527 sacramentum
1121 2477 1176 2529 'est
1201 2465 1291 2530 illius
1343 2457 1344 2466 ¹

294 2580 438 2660 corporis
463 2575 608 2654 Christi,
632 2575 718 2658 quod
742 2590 792 2638 est
814 2576 985 2642 Ecclesia:
1017 2579 1092 2660 quia
1123 2580 1206 2642 sicut
1229 2577 1290 2642 huc
1342 2633 1344 2692 p

294 2715 429 2777 corpuS,
452 2693 539 2776 quod
560 2693 630 2773 ipse
653 2694 808 2754 assumsit
832 2690 871 2754 de
892 2689 1048 2777 Virgine,
1072 2691 1172 2756 habet
1187 2715 1288 2757 mem·
1343 2727 1344 2746 r

291 2806 352 2872 bra
389 2808 539 2883 diversa,
573 2825 709 2888 quorum
741 2803 812 2866 alia.
845 2803 923 2868 aliis
959 2818 1069 2868 mutuo
1104 2808 1291 2870 necessaria
1342 2769 1344 2882 i

292 2933 404 2998 crant,
428 2922 475 2983 sic
497 2917 562 2996 hoo
585 2939 718 3000 corpus,
749 2917 834 3000 quud
858 2931 909 2981 est
932 2918 1094 2982 Ecclesia.
1139 2917 1236 2984 Unde
1260 2931 1292 2983 et

292 3033 473 3119 Apostolus
496 3033 679 3096 Ecclesiam
703 3033 796 3114 quusi
825 3031 984 3113 quoddam
1016 3030 1140 3095 animal
1168 3033 1292 3096 descri-

289 3145 340 3212 bit
375 3145 501 3238 hahpns
540 3157 636 3226 caput
667 3163 778 3222 suurn,
810 3145 916 3225 ipsum
947 3143 1074 3208 scilicet
1105 3143 1298 3222 Christum,

293 3260 407 3326 oculos
429 3258 596 3342 spiritales
618 3257 803 3340 praelatos,
826 3259 879 3341 qui
902 3256 978 3321 aliis
995 3259 1198 3339 praevident,
1222 3281 1292 3322 ma·

292 3395 352 3438 nus
381 3374 471 3455 ipsus
501 3385 712 3456 operatores,
744 3370 844 3453 pedes
876 3373 966 3452 ipsos
997 3373 1139 3435 minores
1173 3374 1227 3454 qui
1250 3369 1291 3434 ad

237 3556 240 3561 ,
293 3510 409 3570 corpus
432 3489 626 3570 portandum
648 3484 828 3552 necessarii
850 3497 936 3550 sunt.
982 3485 1038 3550 Sic
1058 3489 1143 3550 enirn
1160 3486 1290 3550 alterno
1342 3527 1344 3542 r

290 3603 440 3686 indigent
462 3600 671 3693 adjumento,
694 3611 730 3675 ut
752 3613 785 3662 et
807 3601 951 3684 majores
972 3598 1154 3664 minoribus
1176 3611 1210 3662 et
1230 3599 1290 3662 mi-

292 3735 389 3778 nores
411 3711 592 3799 majoribus
616 3715 761 3776 vicissim
790 3712 997 3794 suppeditare
1028 3723 1189 3793 oporteat.
1232 3709 1290 3772 Sic

291 3827 377 3893 enim
401 3826 434 3887 in
459 3846 595 3906 corpure
617 3822 759 3887 humanu
774 3824 948 3901 uidemus,
977 3823 1063 3906 quod
1086 3821 1198 3885 oculus
1220 3839 1290 3883 ma·
1343 3851 1344 3904 j

222 3959 227 3966 ·
290 3937 387 4005 nibus
409 3949 443 4001 et
465 3958 683 4019 econverso,
706 3948 740 4002 et
753 3951 867 4042 maupp
884 3936 1020 4023 pedibus
1044 3945 1078 4001 et
1092 3957 1111 4002 c
1127 3949 1285 4002 converso
1343 3953 1344 4022 l
