2798 4486
8 307 147 460 ,a

55 635 57 640 ¹
125 586 132 594 ¹
159 601 196 669 In
218 624 392 692 commpne
414 597 533 669 bonus.

204 732 338 829 Quippe
359 733 449 829 quod
462 733 601 830 propriis
623 731 760 803 intendit
776 733 956 806 commodis
978 751 1114 808 naturae

120 864 169 919 est
186 847 343 932 infirmae,
364 846 454 943 qnod
475 843 600 930 alienis,
620 845 743 914 virtutis
765 846 924 938 egregiae.
961 847 1004 918 Et
1025 848 1116 944 parvi
1183 881 1187 894 ·

120 985 210 1029 suam
230 959 402 1028 aestimare
422 958 521 1028 vitam
543 957 650 1040 debet,
673 956 728 1050 qni
745 958 841 1026 nnius
863 958 912 1028 sni
933 985 1045 1029 ruram
1060 988 1116 1054 ge·

120 1068 204 1156 rens,
213 1071 353 1166 propriis
366 1085 537 1139 contentus
549 1085 598 1139 est
610 1067 746 1160 (38.V.)
759 1070 950 1148 commodis,
963 1097 1024 1142 nec
1034 1073 1116 1142 alio-

119 1211 188 1254 rum
210 1183 272 1251 sibi
293 1196 434 1252 meretur
454 1181 588 1274 gratiam
610 1197 643 1252 et
663 1181 801 1270 landem.
837 1182 957 1252 Imitari
979 1183 1118 1281 quisque

120 1321 178 1392 pro
193 1293 327 1365 modulo
343 1319 403 1364 sno
420 1294 517 1364 deum
533 1293 639 1380 debet,
654 1295 709 1390 qni
724 1321 798 1364 cnm
813 1293 930 1365 nullius
948 1311 1051 1388 egeat,
1066 1296 1118 1365 sui

121 1406 250 1476 minime
274 1431 384 1477 curam
407 1405 635 1488 sedomuium
657 1406 740 1499 agit,
756 1431 829 1476 nec
850 1406 910 1475 sibi
933 1407 1120 1478 necessaria
1212 1495 1214 1502 Ι

122 1520 178 1588 sed
197 1517 347 1588 omnibns
370 1518 539 1602 ministrat,
561 1517 664 1588 totins·
681 1501 1030 1589 mundanae'fabricae
1047 1535 1119 1590 tan-

123 1657 218 1728 quam
234 1630 331 1700 nnius
348 1626 486 1722 magnae
501 1629 697 1724 reipublicae
716 1646 916 1726 procurator.
949 1629 1043 1716 Sunt,
1066 1630 1121 1729 qui

8 1781 10 1806 t
122 1744 228 1840 partes
250 1742 390 1836 justitiae
414 1741 562 1837 ampliori
584 1768 719 1813 numero
741 1767 811 1812 non
832 1768 950 1828 rernm,
977 1743 1037 1814 sed
1059 1771 1120 1818 no·

122 1856 243 1926 minum
263 1854 509 1948 distinguentes,
529 1853 700 1951 plerasque
724 1854 862 1924 anobis
886 1881 952 1925 uno
974 1881 1120 1950 compre·

123 1970 242 2038 hensas
276 1967 437 2038 vocabulo
473 1966 619 2062 pluribus
649 1965 866 2059 distinguunt,
902 1981 934 2034 et
963 1968 1053 2061 quod
1085 1968 1121 2037 in

122 2091 191 2150 toto
215 2077 405 2150 conclusum
434 2095 500 2164 est,
527 2079 562 2149 in
588 2094 696 2174 partes
727 2078 928 2162 discernunt,
956 2080 1122 2173 pietatem,

123 2193 247 2263 scilicet
275 2216 352 2286 erga
380 2207 550 2285 parentes,
586 2189 757 2260 amicitiam
786 2190 820 2258 id
849 2205 899 2260 est
922 2190 1120 2260 benevolen-

122 2307 203 2376 tiam
232 2329 308 2397 erga
334 2330 408 2388 eos,
436 2303 492 2401 qni
519 2328 582 2372 nos
605 2302 741 2395 diligunt
762 2300 907 2396 ipsorum
930 2327 1029 2373 cansa
1051 2328 1121 2402 ma-

59 2405 62 2416 ¹
122 2419 189 2513 gis,
214 2442 312 2514 qnam
334 2416 487 2511 sperandi
510 2415 645 2509 alicujus
669 2415 950 2499 commodi,·cnm
974 2415 1043 2512 pari
1066 2441 1121 2486 eo·

121 2559 195 2601 rnm
220 2554 297 2622 erga
319 2553 381 2598 nos
403 2527 579 2612 voluntate,
602 2526 703 2621 gratia
725 2527 760 2596 in
781 2528 1043 2597 remuneratione
1065 2527 1121 2597 be·

121 2641 327 2713 neficiornm.
359 2639 427 2709 sed
446 2642 504 2710 tria
526 2639 608 2710 haec
627 2639 774 2735 profecto
791 2640 1025 2709 beneficentiae
1044 2665 1124 2734 sup·,

119 2754 205 2851 poni
234 2768 377 2837 constat,
405 2777 590 2848 perquam
615 2751 763 2822 videlicet
785 2752 912 2820 animus
936 2752 979 2821 ad
1001 2751 1122 2847 quaeli-

120 2867 180 2937 bet
216 2864 325 2934 debita
352 2863 565 2933 beneficentia
593 2863 810 2960 impendenda
842 2879 907 2932 tam
934 2863 1122 2960 parentibus

120 2979 257 3061 scilicet,
281 3001 377 3073 qnam
401 2975 517 3060 ceteris
539 2993 707 3071 promptus
732 2992 792 3046 est.

305 3111 358 3183 De
379 3109 517 3180 naturali
540 3126 637 3206 atque
658 3110 796 3206 positiva
816 3109 948 3204 justitia.

216 3223 360 3320 Oportet
385 3239 493 3294 autem
521 3221 555 3290 in
584 3221 651 3307 his,
679 3247 763 3317 qnae
787 3221 1005 3315 adjustitiam
1028 3220 1124 3317 perti-

118 3354 217 3420 nent,
240 3363 307 3406 non
330 3333 435 3405 solum
459 3334 623 3419 naturalis,
646 3359 756 3404 verum
780 3333 875 3403 etiam
898 3334 1055 3428 positivae
1075 3338 1124 3427 jn·

120 3449 234 3520 stitiae
257 3447 415 3517 tramitem
439 3473 507 3517 non
531 3446 649 3522 excedi.
692 3441 754 3514 Jns
777 3445 896 3541 qnippe
919 3446 1008 3515 alind
1031 3464 1125 3514 natu-

118 3549 229 3645 rale,
247 3559 333 3628 alind
360 3559 532 3655 positivum
562 3559 688 3628 dicitur.
731 3555 885 3630 Naturale
915 3559 1045 3653 quidem
1071 3561 1124 3651 jus

119 3688 194 3758 est,
225 3672 312 3768 qnod
337 3695 434 3766 opere
458 3669 686 3764 complendum
708 3694 780 3739 esse
802 3669 891 3764 ipsa,
915 3694 997 3766 qnae
1021 3669 1125 3740 omni-

116 3787 189 3856 bus
213 3783 399 3853 naturaliter
419 3782 505 3852 inest
524 3782 618 3866 ratio,
644 3782 818 3877 persuadet
840 3782 1014 3852 etidcirco
1038 3782 1126 3876 apud
1181 3821 1184 3829 ·

117 3921 245 3968 omnes
275 3911 455 3990 permanet,
483 3911 520 3965 ut
550 3895 646 3964 deum
674 3892 795 3978 colere,
823 3911 974 3988 parentes
1001 3917 1124 3977 amare,

114 4033 299 4104 pemersos
322 4006 450 4103 punire,
479 4022 512 4078 et
534 4031 799 4103 quorumcunque
822 4004 1027 4076 observantia
1053 4024 1125 4075 om·
