2798 4486
6 285 24 436 {l

1079 225 1131 338 ²⁵.

127 414 225 460 renae
254 389 481 485 promissionis
509 391 709 492 iutelligere3
745 391 824 461 nihil
854 392 952 463 etiam
979 391 1131 490 impedit,

114 501 212 571 -sicut
233 501 332 597 paulo
356 519 432 574 unte
454 504 671 600 praemissum
694 518 755 588 est,
779 504 867 601 quod
884 505 1016 575 dicitur:
1039 504 1130 578 Con·

128 615 259 685 stituam
288 630 420 710 pactum
449 643 558 686 meum
587 616 633 686 illi
666 616 701 686 iu
718 607 849 686 'foedus
880 611 1130 712 smpiternam

130 743 162 798 et
182 727 299 797 semini
323 729 391 821 ejns
415 744 492 823 post
515 755 598 804 eum.
650 727 722 797 Etsi
746 728 832 798 euim
854 729 973 798 Ismael
998 756 1130 826 quoque
1240 776 1244 785 ·

130 865 167 908 ex
188 855 367 936 praecepto
391 839 515 910 domini
537 840 744 910 circumcisus
772 840 829 925 sit,
859 865 927 910 non
941 839 983 909 'in
1007 868 1047 913 eo
1072 842 1131 914 do·

28 1041 32 1046 ⁵
128 951 237 1020 minus
272 951 550 1022 circumcisionem
586 953 711 1037 statuit,
746 951 782 1021 in
816 955 907 1047 cujus
940 955 1131 1049 posteritate

128 1089 197 1134 uon
220 1064 447 1159 perseveravit.
486 1062 589 1154 Quod
612 1091 689 1135 vero
709 1064 769 1135 Iob
794 1064 946 1158 gentilem
968 1064 1002 1135 in
1025 1094 1131 1138 exem·

127 1175 219 1270 plum
249 1176 385 1260 duxisti,
421 1201 495 1246 eum
531 1204 605 1247 eum
633 1176 893 1247 incircumcisum
923 1202 991 1248 uun
1021 1178 1132 1273 possis

128 1284 324 1358 convincere
354 1303 411 1357 aut
437 1305 514 1384 pust
540 1288 777 1359 institutionem
800 1289 1055 1360 circumcisionis
1079 1317 1132 1361 ex·

129 1399 267 1484 stitisse,
290 1399 376 1478 sicut
397 1400 484 1469 euim
505 1401 677 1471 Ismaelem
701 1401 742 1471 ab
765 1401 947 1488 Abrabam,
973 1403 1020 1472 sic
1041 1402 1133 1472 Esau

126 1509 169 1579 ab
200 1495 324 1595 Jacob,
360 1529 393 1581 et
426 1513 586 1608 reprobos
623 1527 754 1609 quoque
784 1511 868 1582 [ilios
899 1513 981 1583 sicut
1011 1505 1141 1585 electos¹
1215 1590 1217 1597 ,

126 1621 287 1712 (etv.)
315 1648 337 1692 a
360 1624 550 1719 patriarchis
573 1625 754 1694 secundom
776 1641 986 1720 praeceptum
1009 1626 1134 1697 domini

128 1750 259 1804 constat
282 1760 354 1805 esse
378 1734 603 1821 circumcisos,
626 1753 661 1807 ut
683 1736 759 1807 lriuc
783 1737 879 1807 etiam
902 1737 1050 1834 ipsorum
1071 1765 1132 1834 po-

129 1844 223 1929 steri,
252 1846 281 1914 si
309 1845 365 1942 qui
394 1845 457 1918 deo
484 1849 716 1932 adhaererent,
747 1848 1001 1920 circumcisionis
1026 1876 1133 1921 exem·

128 1955 220 2052 plum
242 1974 416 2043 sumerent,
442 1959 491 2030 sie
511 1977 547 2030 et
567 1985 626 2031 vos
649 1960 839 2056 ipsiusque
862 1959 962 2030 hodie
986 1963 1134 2049 servatis,

130 2068 187 2164 qui
207 2069 379 2141 Ismaelem
400 2086 526 2166 patrem
545 2088 689 2142 vestrum
710 2072 875 2141 imitantes
898 2096 987 2141 anuo
1007 2073 1133 2145 duode·
1189 2073 1193 2081 ’

129 2182 216 2252 cimo
243 2181 521 2254 circumcisionem
550 2183 705 2278 accipitis.
755 2182 884 2253 Scimus
915 2199 947 2252 et
974 2183 1133 2279 populum

127 2310 279 2364 nostrum
300 2293 420 2366 multos
445 2283 653 2390 exgentibus
677 2295 720 2364 ad
743 2295 850 2389 legem
874 2321 1052 2366 conversus
1076 2297 1132 2366 ha-

40 2487 44 2492 ,
92 2493 95 2498 ἱ
127 2405 241 2476 huisse
276 2406 476 2502 proselytos,
509 2435 578 2478 non
612 2423 680 2477 tam
711 2406 860 2478 videlicet
895 2432 933 2476 ex
959 2426 1133 2502 parentum
1164 2403 1166 2408 ’

127 2516 327 2604 imitatione,
357 2544 453 2615 qnam
483 2546 521 2590 ex
550 2535 692 2614 cognata
721 2519 855 2603 virtute,
884 2519 974 2616 qnod
1004 2521 1044 2590 de
1072 2521 1132 2592 lob

130 2656 264 2727 quoque
299 2623 405 2726 poluit
436 2633 603 2717 accidere,
638 2658 735 2727 quem
772 2629 870 2700 etiam
897 2656 989 2701 more
1017 2649 1132 2704 nostro

129 2759 266 2840 accepta
288 2743 352 2813 deo
375 2743 534 2814 sacrificia
557 2760 623 2813 tam
645 2769 705 2838 pro
728 2741 800 2812 liliis
826 2767 924 2838 qnam
946 2743 1058 2836 amicis
1085 2745 1132 2816 vi-

130 2853 246 2927 demus
271 2855 440 2926 obtulisse.
483 2853 587 2946 Quod
610 2855 707 2925 etiam
730 2856 894 2949 objectum
917 2871 966 2925 est
989 2883 1050 2926 nec
1074 2857 1132 2926 ub-

130 2967 308 3039 servatioui
332 2968 430 3038 totius
453 2967 535 3062 legis
558 2967 852 3038 remunerationem
874 2965 975 3038 luisse
993 2968 1131 3062 promis-

132 3103 215 3163 sam,
237 3078 301 3148 nisi
323 3080 535 3174 temporalem
558 3095 657 3175 atque
680 3096 851 3163 terrenam,
876 3104 938 3148 nec
963 3079 1132 3150 domiuum

130 3191 176 3261 ad
197 3191 443 3287 persuasionem
471 3192 537 3262 sive
561 3191 869 3264 condemnationem
890 3190 972 3284 legis
997 3193 1132 3286 provide

129 3329 322 3399 perorasse,
358 3303 386 3372 si
421 3329 496 3374 non.
523 3303 675 3396 legalium
708 3317 958 3398 praeceptorum
988 3303 1132 3400 impletio

132 3415 230 3486 vitam
258 3432 630 3500 mercaturaeternam,
657 3415 751 3485 facile
775 3431 825 3486 est
847 3413 967 3518 refelli,¹
996 3443 1072 3485 cum
1095 3445 1133 3488 ex

16 3567 19 3571 .
132 3528 205 3624 ipsa
236 3554 365 3624 quoque
392 3529 654 3612 circumcisione,
682 3553 778 3623 qnam
802 3526 852 3596 le'x
874 3527 1045 3623 praecipit,
1074 3527 1132 3597 do·

133 3640 223 3709 mino
252 3641 287 3709 in
315 3657 508 3736 perpetuum
536 3641 696 3711 foederati
725 3665 854 3723 sumus,
890 3654 926 3707 ut
954 3638 1027 3711 dixi.
1078 3641 1133 3708 Ad

136 3751 214 3846 quid
248 3751 345 3822 etiam
379 3777 442 3821 nos
478 3777 517 3822 ex
545 3751 703 3823 universis
732 3752 883 3846 gentibus
911 3751 947 3822 iu
976 3751 1133 3846 populum

134 3862 330 3957 peculiarem
359 3864 423 3933 sihi
451 3862 553 3957 elegit·
575 3881 608 3934 et
629 3863 734 3956 legem
756 3886 934 3958 perquam
957 3863 1063 3932 suncti
1086 3860 1132 3932 el·

135 3975 305 4046 ficeremus
337 3976 442 4055 dedit,
472 3975 500 4047 si
529 3976 709 4073 praesentis
736 3989 863 4044 tantum
890 3975 981 4047 vitae
1003 3973 1132 4068 gaudia,
