2798 4486
298 1 312 34 0

228 364 304 434 dam
328 379 512 435 nostrorum
534 363 568 431 in
590 361 736 434 secundo
759 360 938 432 rhetoricae
962 361 1131 454 diligenter
1149 388 1227 432 con·

228 477 376 548 sidereus
407 502 480 546 cum
504 476 543 544 de
568 473 736 546 contrariis
759 473 884 567 legibus
908 498 1042 543 causam
1063 473 1228 560 formaret,

227 587 461 660 attendendum
491 611 563 656 esse
592 586 773 682 praecepit,
802 603 873 656 utra
895 585 947 656 lex
968 585 1129 680 posterior
1151 584 1229 654 data

227 686 279 774 sit.
320 696 405 770 Nam
428 714 604 794 postrema,
627 691 740 795 inquit,
763 724 909 795 quaeque
932 697 1123 791 grauissima
1145 712 1206 766 est.

315 809 540 881 Christian.
584 809 691 898 Miror
712 827 743 880 te
768 794 814 879 ab¹
832 809 899 888 his,
930 809 1069 906 quaein
1093 808 1226 888 exordio

225 922 394 1019 professus
425 949 476 1006 es,
506 923 549 991 ita
578 922 783 1016 impudenter
805 923 985 992 dissonare.
1031 919 1114 990 Cum
1138 923 1226 992 enim

225 1035 462 1131 praemisisses,
485 1050 516 1106 te
539 1033 800 1130 inquisitionibus
819 1033 880 1102 tuis
905 1035 1062 1129 reperisse
1077 1033 1224 1112 Judaeos

137 1139 141 1148 ’
224 1146 370 1234 stultos?
388 1144 594 1238 Christianos
625 1144 777 1230 insanos,
809 1147 1018 1241 postmodum
1048 1146 1163 1217 dixeris
1191 1163 1227 1228 te

223 1285 291 1329 nou
319 1258 364 1328 ad
392 1259 667 1328 concertationem
693 1257 891 1329 'contendere
914 1259 973 1328 sed
996 1258 1038 1327 ad
1061 1259 1223 1354 inquiren·

222 1373 298 1442 dam
328 1371 493 1441 veritatem
529 1367 693 1454 conferre,
729 1394 794 1464 qua
821 1370 946 1440 ratione
977 1397 1064 1441 nuuc
1093 1372 1134 1442 ah
1163 1371 1225 1458 his,

224 1510 307 1580 quos
332 1483 428 1556 etiem
450 1483 586 1551 insanos
610 1481 768 1576 reperisti,
793 1481 924 1552 tandem
946 1481 1087 1552 veritatis
1107 1482 1225 1553 doctri·

222 1621 300 1667 uam
323 1609 500 1689 exspectes.
539 1591 705 1690 Numquid
727 1596 792 1687 jam
815 1611 891 1690 post
909 1594 1134 1690 inquisitiones
1150 1611 1223 1666 tuas

222 1725 345 1780 eorum*
364 1706 525 1800 insaniam
548 1706 709 1779 arbitraris
732 1731 878 1791 cessare,
907 1723 942 1776 ut
963 1710 1028 1800 jam
1051 1706 1093 1775 ad
1117 1707 1222 1777 erudi·

198 1821 346 1899 ‚tionem
375 1834 462 1887 tuam
492 1818 620 1913 possint
648 1816 805 1893 sufficere.
852 1816 948 1889 Certe
976 1820 1005 1887 si
1027 1817 1221 1890 christianae

220 1931 296 2000 fidei
320 1947 442 2000 sectam
466 1929 627 1999 arbitraris
650 1928 811 1998 insaniam
835 1945 867 1999 et
890 1955 947 2000 eos
974 1929 1027 2026 qui
1057 1930 1154 2018 hauc,
1172 1957 1223 2001 se·

221 2058 348 2116 ctautur
378 2042 515 2137 deputas
547 2041 703 2126 insanos,
736 2040 809 2112 vide
843 2058 879 2111 tu
913 2041 1145 2138 philosophus,
1180 2044 1221 2114 de

208 2156 353 2226 summis
391 2154 454 2224 illis
485 2180 676 2247 graecorum
705 2153 910 2249 philosophis
938 2154 1017 2251 quid
1047 2155 1221 2226 aestiman-

210 2268 298 2337 dum
329 2268 387 2351 sit,
415 2266 469 2363 qui
492 2267 547 2336 illa
569 2264 643 2334 rudi
666 2282 698 2335 et
720 2265 841 2336 inculta
864 2267 1005 2336 virorum
1028 2267 1219 2362 simplicium

217 2378 477 2473 praedicatione,
511 2374 620 2445 idest
648 2376 888 2472 apostolorum,
918 2403 1033 2449 omnes
1062 2379 1106 2448 ad
1134 2378 1219 2458 hano

219 2490 366 2560 conversi
395 2487 472 2558 facti
495 2504 572 2558 sunt
593 2488 800 2590 insanissimi.
844 2490 1007 2560 Intentum
1030 2516 1107 2559 vero
1132 2490 1220 2586 opud

218 2601 467 2694 graecosrhaec
496 2617 624 2685 nostra,
654 2617 690 2672 ut
718 2600 816 2685 dicis,
843 2600 972 2672 insania
999 2601 1141 2672 radicata
1170 2617 1221 2672 est

220 2730 252 2784 et
275 2716 476 2796 confirmata,
499 2729 536 2782 ut
557 2713 601 2782 ihi
623 2729 689 2783 tam
713 2712 899 2806 evangelice
922 2737 1019 2808 quam
1040 2713 1220 2808 apostolica

219 2825 366 2896 doctrina
398 2823 585 2919 conscripta
613 2850 652 2894 ac
680 2815 891 2918 postmodum
914 2849 1033 2918 magna
1056 2834 1128 2914 (19.
1152 2825 1219 2917 V.)
1319 2827 1322 2834 ’

218 2936 357 3008 concilia
374 2935 545 3021 celebrata,
568 2961 700 3006 omnem
721 2936 797 3008 iude
820 2937 976 3008 muudum
999 2936 1168 3031 repleverit
1187 2953 1220 3008 et

217 3050 385 3118 universas
409 3048 562 3119 haereses
585 3049 786 3144 represserit.

256 3175 259 3188 '
304 3161 463 3230 Philus.
509 3157 752 3255 Nonnunquam
782 3158 935 3232 conviciis
966 3175 997 3230 et
1025 3159 1218 3256 inproperiis
1255 3173 1259 3181 '

210 3270 343 3342 «facilius
377 3271 526 3343 homines
556 3287 774 3367 provocantur
802 3297 899 3368 mam
928 3268 1218 3366 supplicationibus

216 3401 249 3454 et
278 3383 557 3454 obsecrationibus
580 3382 753 3454 flectuntur
782 3402 815 3456 et
843 3384 898 3480 qui
920 3384 967 3455 sic
988 3401 1217 3479 provocantur,
1280 3429 1284 3436 ·

216 3487 392 3566 studiosius
412 3511 565 3586 satagunt
586 3495 767 3591 depugna,
790 3522 886 3592 quam
907 3497 962 3592 qui
982 3513 1123 3581 orantum,
1144 3521 1215 3566 mo·

154 3697 157 3705 V
215 3624 331 3678 rentur
354 3632 391 3674 ex
415 3607 528 3700 gratia.

304 3716 532 3788 Christian.
575 3720 817 3813 ignoscendum
846 3721 902 3790 tibi
933 3737 999 3804 est,
1027 3721 1054 3790 si
1082 3720 1143 3790 hac
1165 3719 1214 3788 in·

216 3830 361 3900 tentione
385 3829 450 3898 hoc
473 3830 577 3922 egisti.
614 3829 710 3902 Nunc
734 3858 809 3902 vero
833 3859 874 3903 ne
899 3860 946 3902 ex=
960 3833 1136 3902 diffidentia
1155 3859 1214 3928 pu·

215 3967 313 4034 gnam
337 3941 421 4010 hanc
446 3940 582 4030 differre
599 3945 717 4032 videar,
740 3962 807 4020 tam
828 3944 907 4015 mihi
931 3970 1027 4044 quam
1046 3944 1101 4014 tihi
1119 3970 1213 4016 oran·
