2806 4492
140 243 143 254 ’
195 251 198 260 ’
258 253 340 330 loo

99 447 103 454 ·
186 497 189 504 ,
249 418 323 496 'hoc
348 423 493 519 cogaris,
521 422 674 509 intendo,
703 413 821 495 serl'ut
843 423 980 496 aliorum
1002 425 1108 522 magis
1130 425 1193 498 ista
1215 428 1265 499 in·
1295 471 1299 492 ,

261 525 387 651 telligas
412 563 495 622 esse,
519 561 616 633 quam
639 561 691 605 me
714 536 823 632 ipsum
846 537 988 608 finxisse.

326 649 504 761 Pbilsos
551 648 649 719 Certe
671 675 732 717 uec
755 649 842 718 istud
865 650 1076 760 improbo,
1048 676 1076 720 ει
1099 650 1172 720 talis
1190 677 1265 746 pro·

186 811 210 838 ι,
263 763 397 832 cesserit
424 745 571 830 intentio.
618 759 686 829 Sed
719 787 807 832 nunc
836 741 881 830 atl
908 762 1034 858 reliqua
1061 762 1265 835 festinemus.
1350 853 1353 859 Ι

263 874 302 944 Si
330 900 407 966 ergo
439 890 473 942 ut
494 871 613 943 asseris
636 889 727 942 tanta
750 871 849 943 virtus
881 891 931 944 est
961 875 1088 944 divinae
1117 876 1265 960 visionis,

191 975 200 982 ⁸
262 1004 299 1056 ut
325 979 509 1081 ubicunque
540 970 605 1054 sint
634 987 761 1055 animae
791 987 1038 1082 participatione
1074 987 1124 1056 sni
1160 1011 1265 1082 aeque
1338 1049 1344 1056 .

262 1099 334 1169 illas
349 1097 462 1168 beatas
486 1095 613 1168 efficere
638 1114 746 1193 queat,
770 1124 835 1178 cnr,
860 1099 1007 1182 obsecro,
1029 1125 1165 1227 regnum
1189 1126 1265 1170 coe·
1327 1119 1331 1132 ⁴

262 1199 367 1278 lorum
391 1209 453 1279 deo
478 1224 510 1277 et
533 1209 656 1278 sanctis
684 1209 853 1310 animabus
884 1209 1067 1317 spiritaliter
1096 1211 1265 1304 assignau·
1283 1293 1287 1301 .
1401 1273 1402 1282 ,

263 1338 324 1406 tur,
345 1337 381 1390 ut
401 1321 435 1388 in
459 1319 551 1389 coelo
568 1319 687 1390 scilicet
689 1320 882 1417 praecipue
899 1321 1049 1392 dicuntur
1065 1349 1149 1406 esse,
1173 1322 1266 1419 quasi

263 1433 389 1502 beatius
412 1431 476 1499 illic
497 1431 678 1500 habeantur
708 1436 803 1502 esse?
849 1429 952 1522 Quod
982 1435 1078 1503 etiam
1104 1435 1265 1504 intantum

264 1543 412 1612 Christus
436 1561 542 1614 vester
563 1543 696 1638 proprio
720 1543 861 1614 exbib‘uit
884 1545 1048 1639 exemplo,
1071 1545 1161 1614 utin
1185 1571 1264 1615 con·

147 1670 149 1674 '
179 1713 184 1720 .
265 1673 377 1752 spectu
396 1655 537 1725 auorum
552 1655 764 1756 corporaliter
786 1656 915 1725 coelum
937 1655 1130 1740 ascenderit,
1153 1672 1186 1725 et
1200 1656 1265 1725 illic

264 1785 299 1837 ot
318 1768 469 1863 scriptum
494 1785 552 1854 est,
574 1767 652 1860 (fol.
674 1772 727 1840 l&
750 1765 809 1872 V.)
834 1767 875 1836 ad
903 1769 1067 1841 dexteram
1086 1770 1190 1862 patris
1207 1793 1263 1872 re-

260 1881 374 1952 'sidens
396 1880 472 1950 inde
496 1879 538 1947 ad
559 1877 715 1972 judicium
730 1873 889 1948 venturns'
907 1881 1114 1974 promittatur
1136 1881 1170 1950 iu
1189 1890 1267 1950 abra

265 1993 392 2063 obviam
416 1991 657 2062 occurrentibus
679 1995 720 2082 ¹).
765 1987 850 2060 Cum
874 1991 971 2086 igitur
992 1993 1118 2064 divinae
1142 1993 1266 2078 babita7
1308 2037 1311 2048 ·
1395 2048 1400 2057 .

263 2105 349 2174 tioni‘
365 2104 452 2172 nulla
475 2102 587 2170 mundi
612 2102 719 2195 regio,
748 2103 812 2172 nisi
841 2106 987 2188 coelom,
1019 2103 1207 2200 deputetur,
1237 2103 1267 2172 si

263 2217 381 2312 ubique
405 2231 440 2282 nt
463 2214 568 2284 dicitis
593 2212 673 2284 de'ns
687 2215 838 2283 'existens
857 2217 975 2312 ubique
992 2216 1188 2286 beatitudine
1206 2239 1267 2284 sua
1362 2272 1367 2280 .

189 2408 191 2416 χ
264 2354 367 2422 aeque
370 2316 528 2408 'lunatum
558 2341 591 2392 et
613 2328 682 2418 ejus
706 2325 839 2396 visionis
844 2326 996 2396 claritas
1020 2319 1284 2422 quibuscunque-

75 2484 80 2491 ·
154 2485 160 2500 -
264 2440 339 2509 velit
361 2465 449 2521 sese,
477 2452 575 2532 prout
597 2437 666 2505 volt
686 2437 806 2530 pariter
823 2436 1026 2521 infundens,
1058 2461 1161 2536 aeque
1189 2437 1264 2511 illos
1309 2503 1313 2509 .

189 2627 196 2638 ,
264 2552 382 2648 ubique
418 2551 531 2618 beatos
570 2549 687 2629 efficiat
723 2547 812 2618 nullo
849 2533 1046 2618 adminiculo
1081 2548 1171 2619 nulla
1199 2548 1266 2619 loci
1359 2643 1363 2650 Ι

264 2664 417 2759 qualitate
446 2661 496 2736 uel
525 2661 764 2756 propinquitate
794 2659 836 2728 ad
864 2661 928 2731 boc
958 2661 1108 2755 indigens
1138 2661 1197 2730 sed
1227 2687 1265 2730 ex
1353 2693 1356 2698 ’
1397 2682 1398 2690 ’

249 2795 301 2846 ‘se
331 2775 460 2870 penitus
493 2771 694 2855 sufficiens,
704 2791 779 2840 cnm
800 2773 935 2867 inquam
965 2773 1116 2843 dominus
1145 2773 1264 2868 ubique
1371 2861 1377 2870 Ι

264 2915 323 2985 per
351 2885 531 2982 potentiam
560 2883 698 2952 existens
734 2901 766 2953 et
795 2886 888 2980 quasi
923 2886 957 2954 in
986 2909 1052 2954 nno
1082 2883 1155 2972 loco
1186 2909 1265 2954 suae

190 3004 194 3020 '
264 2998 442 3102 majestatis
458 2995 662 3064 mansionem
677 2981 892 3080 concludens,
915 2997 1010 3082 dicat,
1032 2995 1162 3066 coelum
1184 2995 1266 3072 mibi

121 3133 135 3158 ι
180 3152 183 3163 1
211 3108 214 3122 ¹
266 3113 360 3181 sedes
392 3124 456 3191 est,
476 3125 517 3176 et
548 3133 662 3177 omnes
693 3123 759 3177 tarn
791 3109 867 3179 novi
896 3135 994 3204 quam
1024 3108 1137 3178 veteris
1168 3124 1270 3177 testa.

265 3222 371 3292 menti
387 3218 562 3314 scriptores
592 3246 661 3289 nou
689 3219 786 3290 aliam
810 3221 922 3289 mundi
950 3237 1075 3315 partem
1103 3220 1167 3290 uisi
1190 3245 1265 3288 coe·

110 3375 114 3384 ·
172 3415 177 3424 ,
265 3334 331 3426 lom
361 3336 430 3427 ejus
461 3331 652 3400 habitationi
676 3332 853 3426 deputent,
889 3359 957 3402 non
988 3331 1135 3403 inmerito
1165 3331 1282 3434 videri*

266 3461 374 3540 potest
390 3445 490 3536 “hujus
515 3443 688 3536 superioris
712 3443 776 3512 loci
806 3445 963 3513 serenitas
992 3433 1071 3538 ipsis
1095 3443 1146 3512 vel
1169 3443 1288 3512 nobis*
1334 3535 1338 3540 ,
1398 3447 1400 3456 '

267 3583 334 3626 non
351 3555 431 3624 nibil
449 3553 593 3632 conferre
605 3543 823 3624 beatitudiuis.
846 3555 943 3625 Unde
957 3572 992 3624 'et
1007 3554 1266 3649 pertesaiame.)
1321 3545 1325 3549 ’
1397 3613 1399 3620 ,

268 3669 312 3736 ad
340 3669 433 3760 hujus
462 3664 668 3735 beatitudinis
701 3667 936 3764 plenitudinem
961 3667 1023 3745 ,lux
1057 3665 1152 3733 lunae
1183 3667 1267 3736 sicut

268 3781 331 3848 lux·
350 3778 430 3850 solis
459 3778 566 3846 lutura
596 3793 630 3850 et
650 3775 704 3847 lux
725 3777 805 3849 solis
835 3778 1086 3875 septempliciter
1108 3778 1265 3872 promitti·
1393 3749 1399 3941 J

268 3938 468 3957 -4--u———u-n

209 3999 211 4006 ’
265 4033 318 4104 (1)
339 4027 398 4093 cot.
417 4028 460 4098 ttt,
479 4033 502 4085 1.
524 4033 537 4084 1
556 4028 652 4085 teus.
665 4019 713 4098 tv,
732 4031 774 4108 ιι.
786 4051 835 4074 ⁴--
862 4030 898 4100 ι)
916 4029 970 4086 aas.
988 4027 1077 4095 xxx,
1094 4031 1136 4084 as.
