2806 4492
244 243 363 312 XXIV

245 449 364 504 rores
390 439 550 506 resecta
570 453 669 507 csse.
714 424 810 517 „sed
844 428 1001 514 difficile
1033 445 1094 526 cst
1133 434 1247 518 intel·
1347 425 1351 434 ’

244 575 366 676 lectu,
392 599 468 654 cur
480 572 528 672 is,
549 572 616 680 qui
635 573 740 652 hanc
758 575 1246 688 criticastri-provinciam

229 722 288 802 ‚iu
313 749 358 801 se
385 709 587 828 suscepit,
617 718 769 806 medio,
787 721 829 800 in
857 721 963 802 libro
989 723 1154 807 demum
1177 753 1243 806 res
1277 781 1280 785 -

244 868 380 948 minus
409 867 614 974 placentes
654 890 797 944 severe
821 872 1137 977 amputaverit,
1171 899 1246 952 cur

225 1041 330 1099 .non
341 1012 384 1090 in
395 1008 604 1119 prioribus
616 1010 938 1118 capitibus‘idem
949 1014 1105 1116 fecerit,
1117 1019 1244 1098 immo

62 1159 64 1164 ¹
187 1203 188 1208 Ν
245 1160 378 1270 potius
413 1156 448 1235 si
472 1156 548 1236 sibi
574 1170 763 1236 constare
791 1152 988 1246 voluisset
1026 1177 1158 1244 totum
1177 1191 1245 1246 ex.

246 1303 417 1414 emplar,
441 1300 550 1412 quod
565 1303 608 1381 in
625 1329 768 1381 manus
787 1302 940 1403 incidit,
960 1307 1184 1414 perdiderit
1203 1326 1243 1392 ct

183 1409 192 1428 ’
244 1485 298 1537 ex
312 1475 438 1530 more.
453 1463 549 1528 tunc
573 1450 936 1556 temporisusitato
953 1452 1049 1561 igne
1079 1481 1243 1536 concre-

244 1595 449 1681 maverit?
477 1593 611 1674 Alteri
631 1607 774 1679 contra
790 1594 983 1702 opinioni,
1003 1601 1167 1682 Petrum
1182 1604 1245 1700 Iu·
1326 1591 1329 1598 ’

244 1743 544 1827 troductionem
572 1766 795 1849 numquam
825 1736 1068 1845 absolvisse,
1090 1747 1161 1827 scd
1177 1747 1245 1830 ali·

245 1918 326 2003 qua
341 1917 388 1968 re
405 1885 644 1994 impeditum
658 1885 794 1988 fuisse,
816 1891 1045 1996 quominus
1062 1893 1243 2001 inceptas

244 2037 463 2145 perficeret
482 2033 805 2134 lucubrationes,
839 2034 918 2114 duo
948 2034 1089 2118 lavere
1106 2034 1246 2124 videu-

243 2199 326 2266 tur.
359 2180 408 2261 Id
425 2177 574 2259 scilicet
593 2182 730 2289 primo
756 2180 861 2278 loco,
894 2180 1002 2290 quod
1022 2196 1110 2313 turn
1128 2181 1244 2300 facile

236 2327 441 2438 conplicari
459 2335 622 2433 potest,-
648 2354 724 2406 cur
740 2325 873 2406 media
901 2325 944 2403 in
961 2329 1244 2435 propositione

37 2517 41 2524 ·
125 2581 129 2592 1
244 2475 375 2569 oratio
394 2485 546 2574 cesset,
578 2469 723 2551 deinde
752 2469 990 2586 id'fortasse
1012 2499 1171 2584 quoque
1190 2455 1274 2554 αι(

182 2701 185 2706 ,
241 2637 333 2702 tero
344 2619 450 2718 loco,
466 2613 720 2726 quodforma
731 2611 983 2726 Theologiae
1000 2619 1244 2702 christianae

242 2791 446 2848 summam
474 2756 776 2842 similitudinem
806 2789 900 2842 cum
922 2761 1242 2868 Introductionc,

243 2898 440 3023 maternis
457 2912 500 2991 in
514 2893 690 3018 utroque
702 2922 879 2992 tractatu
893 2910 1002 2992 idern
1019 2910 1241 3020 reperitur,

142 3059 148 3084 ‘
241 3057 370 3140 refert
386 3055 448 3138 '¹⁸'.
491 3059 736 3154 ,Praeterea
782 3054 925 3169 quaeri
965 3072 1122 3169 potest,
1169 3083 1244 3138 cur
1346 3176 1353 3188 ,

243 3409 298 3484 18)
325 3400 441 3485 Neque
462 3414 572 3469 tamen
583 3423 636 3466 me
645 3406 813 3484 praeterit,
834 3401 921 3466 hanc
938 3424 1071 3468 causam
1087 3387 1243 3489 quodem-

322 3513 421 3580 modo
443 3513 603 3576 incertam
626 3532 713 3577 esse.
757 3513 890 3578 Etenim
912 3515 941 3577 si
963 3512 1244 3582 Introductionem

324 3625 549 3708 imperfectam
572 3644 648 3688 esre
671 3645 715 3688 ex
738 3646 778 3688 eo
801 3623 951 3690 volumus
981 3624 1102 3692 elicere
1110 3674 1121 3708 ,
1157 3628 1244 3713 quod

326 3733 516 3824 Theologia
537 3735 730 3820 imperfecta
752 3741 816 3815 sit,-
847 3737 932 3800 hano
955 3759 1142 3822 quoquetre
1163 3746 1244 3804 ver’n

325 3847 551 3930 imperfectam
582 3849 687 3914 fuisse
720 3853 860 3931 primum
890 3863 983 3914 esset
1013 3852 1241 3930 evincendum,
1361 3846 1364 3852 ’
1396 3827 1400 3840 ¹

323 3963 354 4028 si
378 3959 532 4028 circulum
553 3964 589 4027 in
610 3961 1119 4051 demonstrando·subterfugere
1143 3963 1244 4031 velis·
