2806 4492
194 175 440 264 ,fflff

275 354 462 450 diligentes,
485 363 692 451 naquaquam
712 363 839 422 rursum
859 351 967 448 ipsam
987 354 1167 450 praemium
1186 335 1267 456 cou-

273 483 436 540 vertamns
454 465 502 536 ‘in
536 465 708 558 meritum?
749 466 819 534 Ant
851 463 929 560 qnid
953 465 1101 563 denique
1130 466 1267 538 concedi

254 580 445 677 prohibeat
476 577 565 647 illam
599 575 736 646 diuinas
760 575 938 669 majestatis
972 577 1110 670 gloriam
1142 593 1268 668 tantam

198 743 200 748 .
274 715 365 782 esse,
387 679 424 760 ut
444 713 574 784 semper
594 687 628 758 iu
651 688 721 781 ejus
742 684 874 756 risione¹
890 685 1056 784 profectus
1076 705 1191 762 noster
1210 689 1269 761 ali·
1307 753 1313 762 ,

215 847 219 852 -
274 802 347 899 quis
375 801 482 898 possit
509 823 600 884 esse,
627 814 666 869 ut
691 820 758 894 quo
786 797 906 871 diutius
931 825 1006 872 eam
1027 801 1267 900 conspiciemus

275 929 366 984 etse
388 913 494 1008 ipsam
516 909 612 982 nobis
638 908 775 1016 amplius
802 910 991 998 innotuerit,
1018 911 1180 985 beatiores
1201 938 1266 984 nos

273 1023 414 1096 efficiat?
456 1023 538 1094 Plus
555 1020 680 1119 ,qnippe
707 1011 793 1091 istud
814 1024 911 1120 jugae
927 1023 1138 1124 beatitudiuis
1159 1026 1267 1096 incre-²
1290 1111 1300 1128 ἱ
1333 1013 1341 1032 ’

272 1152 418 1206 mentum
450 1133 559 1219 valet,
585 1147 683 1228 qnam
710 1135 816 1226 major
842 1133 1025 1219 beatitudo,
1058 1161 1160 1206 uuum
1194 1152 1267 1206 tau

272 1263 341 1318 tum
363 1245 496 1344 modum
511 1244 697 1318 custodiens
717 1260 751 1315 et
764 1243 799 1313 iu
812 1244 902 1316 nullo
923 1245 1153 1340 (in)cremeuto
1167 1248 1266 1344 proti·-

272 1383 372 1432 erens.

359 1466 517 1539 Pbilos.
563 1465 745 1556 Quomodo
766 1490 897 1563 „quaeso
911 1467 960 1554 iu
986 1467 1042 1538 illa
1063 1468 1190 1540 visione
1211 1469 1264 1540 dei
1288 1558 1290 1563 Ι
1401 1535 1402 1558 ἒ

271 1575 436 1674 proiectus
455 1578 631 1674 quisquam
654 1603 726 1648 esse
747 1580 854 1672 possit
870 1579 921 1650 vel
943 1578 1050 1676 aliqua
1071 1578 1156 1653 inter
1171 1582 1262 1676 ipsos

270 1689 417 1760 videntes
441 1689 630 1775 differentia,
656 1717 731 1760 cum
751 1685 899 1761 videlicet
919 1689 998 1760 illud
1020 1690 1154 1780 omnino
1176 1719 1263 1762 snm·

202 1893 207 1902 ι
270 1828 360 1870 muru
381 1801 569 1879 bonnmsit
590 1801 724 1898 simplex
749 1829 811 1874 nec
838 1827 984 1900 unquam
1011 1803 1173 1900 conspici,
1200 1804 1263 1873 uisi

270 1928 375 1984 totum
394 1913 511 2008 possit,
535 1941 597 1986 nec
620 1914 742 2012 aliquid
763 1916 909 2013 conspici
929 1915 971 1985 ab
992 1941 1060 1986 nno
1083 1917 1172 2014 qnod
1194 1941 1263 1987 non

72 2021 74 2031 '
174 2051 184 2065 ’
270 2024 486 2120 conspiciatur
506 2025 548 2096 ab
570 2026 658 2098 alio?

359 2136 582 2212 Christian
624 2135 703 2209 Nou
729 2117 839 2234 ntique
860 2137 895 2208 iu
919 2163 955 2206 re
981 2153 1186 2240 conspecta,
1202 2139 1262 2208 sed
1300 2183 1302 2192 ,

255 2250 306 2318 in
328 2249 427 2318 modo
451 2248 671 2348 conspiciendi
693 2266 745 2318 est
764 2249 840 2336 (fol.
861 2253 913 2322 44.
934 2247 1000 2336 R.)
1024 2248 1200 2332 diversitas,
1225 2264 1262 2319 ut

272 2387 339 2456 quo
363 2359 478 2428 melius
501 2357 687 2450 intelligitur
708 2359 799 2442 deus,
820 2357 986 2427 beatitudo
1005 2363 1119 2426 'nostra
1140 2359 1260 2453 inlejus
1343 2423 1347 2429 ι

269 2472 393 2541 visione
414 2485 579 2562 augeatur.
611 2463 696 2539 Nam
713 2485 746 2539 et
764 2469 906 2538 animam
927 2467 978 2538 vel
997 2468 1149 2563 spiritum⁴
1161 2497 1262 2566 qnae.

269 2583 347 2652 libet
369 2579 577 2671 intelligendo
601 2603 669 2650 non
691 2580 1004 2674 aequaliter‘omncs
1026 2580 1258 2674 [intelligendo
1338 2591 1340 2601 '

213 2729 217 2735 ·
270 2719 340 2764 non
363 2692 540 2786 aequaliter
562 2699 699 2782 omnes]
725 2691 948 2784 intelligimus,
969 2691 1129 2818 quantv'is'
1151 2708 1282 2796 ιιιιιειιΙ

269 2804 501 2906 incorporeae
508 2820 641 2873 naturae
663 2816 771 2898 partes
793 2804 826 2873 in
848 2826 927 2873 suae
950 2802 1111 2874 essentiae
1133 2806 1259 2900 quanti·
1361 2899 1364 2906 ,

270 2931 335 2986 tate
364 2940 432 2985 non
462 2895 580 3022 babere
608 2914 743 2985 dicatur.
786 2914 832 2984 Et
854 2940 930 2985 cnm
952 2939 1071 3008 corpus
1093 2915 1262 3010 quodlibet

269 3026 320 3097 vel
357 3025 464 3121 aliqua
493 3017 569 3121 pars
598 3029 667 3122 ejus
694 3027 736 3098 ab
756 3001 923 3122 aliquibus
952 3025 1046 3095 simul
1075 3027 1259 3122 adspicitur,

159 3165 161 3175 ·
232 3211 234 3216 ,
269 3139 384 3210 melios
407 3137 486 3208 ab
477 3155 558 3222 asto,
586 3149 683 3234 qnam
706 3139 763 3209 ab
770 3139 833 3208 alio
856 3138 1020 3208 bomine
1008 3163 1116 3232 ipsum
1137 3163 1260 3238 cogno·

195 3242 201 3354 Ἰ
269 3251 368 3320 scitus
390 3266 422 3319 et
443 3249 614 3346 perfectius
637 3251 833 3344 intelligitur,
856 3266 984 3320 etcum
1006 3248 1123 3318 eadem'
1141 3275 1194 3320 res
1217 3252 1281 3321 sit
1401 3278 1403 3289 ’

178 3389 180 3398 ’
229 3409 230 3415 1
268 3361 448 3445 intellecta,
474 3369 542 3432 no‘n
564 3378 673 3432 tumen
695 3362 872 3457 aequaliter
894 3363 963 3454 ejus
985 3376 1133 3432 namram
1154 3363 1258 3456 perci·

268 3473 371 3568 pinnt.
406 3472 489 3542 tic
502 3473 582 3548 dens
605 3473 678 3544 buic
699 3474 873 3569 perfectius
895 3497 935 3543 ac
957 3472 1071 3562 melius
1095 3471 1258 3571 quamqilli

268 3586 318 3658 sui
342 3583 489 3658 notitiam
510 3611 570 3679 pro
590 3580 714 3654 ¹meritis
735 3584 1008 3681 impertitsacse
1031 3584 1172 3678 amplius*
1190 3607 1258 3652 ma-

120 3735 127 3785 ¹.
235 3697 408 3774 ‚nifastat
451 3695 569 3767 Potest
590 3688 940 3792 quippercontiugcr'e,
967 3713 1020 3782 ut,
1046 3721 1121 3766 cnm
1149 3696 1259 3766 omnia
1291 3763 1295 3774 ,

269 3809 350 3880 sciat
371 3809 449 3892 iste,
473 3833 557 3902 quac
578 3808 649 3893 ille,
671 3807 915 3884 meliusumen
937 3833 977 3880 ac
998 3805 1171 3906 perfectius
1192 3807 1258 3878 sin·
