2740 4486
237 253 336 338 te'

234 431 360 520 gelista
382 435 422 500 de
441 437 553 501 'verbo
582 439 684 520 patris
714 438 882 504 disserens
913 437 999 520 quod
1029 436 1152 502 facturn
1174 448 1235 514 cst,

235 547 361 630 inquit,
391 549 427 612 in
458 550 530 632 ipso
553 551 622 614 vita
645 562 727 615 crat.
773 550 828 614 Sic
851 562 885 613 et
906 546 1097 615 Macrobius
1122 546 1236 614 Plato-

235 677 311 722 nem
334 671 479 740 secutus,
502 661 734 742 mentemDei,
758 684 854 747 quam
868 661 989 727 Graeci
1005 682 1102 726 noum
1119 665 1237 740 (νουν)
1274 681 1280 690 ⁸
1369 724 1370 733 ,

237 768 417 852 appellant,
440 775 621 862 originales
643 797 750 840 rerum
773 777 921 858 species,
947 795 1030 858 quae
1052 775 1149 839 ideae
1168 773 1238 838 die·

236 893 291 946 tae
303 896 390 966 sunt,
406 888 576 950 continere
589 891 754 965 meminit3
778 902 965 972 antequem,
987 899 1023 951 ut
1039 887 1239 952 aitPriscia·

235 1015 311 1076 uus,
331 997 500 1080 prodirent
519 1000 553 1061 iu
578 1019 737 1081 corpora,
759 1000 791 1064 id
814 1012 883 1080 cst,
905 1000 940 1063 in
963 1000 1082 1064 effecta
1106 1017 1239 1082 operum

235 1112 459 1190 provenirent.
503 1109 568 1176 Per
589 1115 739 1194 spiritum
758 1133 838 1177 vero
860 1112 1119 1195 domini-aperte
1143 1112 1239 1194 spiri·

237 1230 307 1284 tum
327 1203 476 1287 sonuum
496 1224 658 1303 insinuat,
675 1223 709 1288 id
733 1236 783 1288 est
805 1225 936 1289 divinae
958 1224 1087 1311 gratiae
1109 1222 1236 1287 honita-

233 1344 315 1398 tem.
359 1334 461 1398 Juxta
484 1335 568 1402 hanc
591 1339 691 1402 etiam
714 1336 905 1423 diligentem
928 1337 1239 1414 considerationem,

237 1465 309 1510 curn
332 1448 373 1514 ad
397 1439 779 1522 sucellent'em-lromiuis
802 1452 1000 1515 creationem
1027 1461 1162 1514 venturu
1184 1469 1237 1514 es·

234 1570 307 1639 set,
336 1560 472 1642 provide
503 1561 566 1625 hoc
597 1553 678 1645 opus
701 1565 841 1627 caeteris
863 1575 1065 1646 anteponens
1088 1573 1122 1625 et
1142 1560 1238 1645 quasi

236 1693 316 1754 prae
350 1676 488 1739 cacteris
522 1678 772 1756 commendans,
810 1677 1052 1740 distinctionem
1086 1685 1238 1757 patenter
1301 1751 1304 1758 .

232 1793 395 1858 trinitatis
417 1794 508 1874 facit,
531 1795 587 1860 ubi
610 1816 629 1860 a
652 1797 782 1861 dominc
805 1802 915 1880 potius
938 1797 1057 1861 dictum
1081 1808 1149 1874 est,
1174 1795 1237 1861 ia·
1269 1833 1272 1836 ·

239 1907 415 1986 ciamus,
439 1930 536 1992 quam
558 1909 724 1975 faciam.
769 1911 820 1975 Ad
842 1913 1035 1996 imaginem,
1057 1910 1183 1993 inquit,
1205 1918 1239 1972 et

230 2019 485 2088 siusilitadinem
507 2035 673 2104 nostram,
706 2027 810 2091 virum
843 2025 974 2110 quidem
997 2025 1039 2089 ad
1059 2026 1237 2112 imaginem

237 2132 316 2214 Dei,
339 2135 510 2201 mulierem
524 2138 566 2202 ed
588 2138 846 2205 similitudinem.
891 2139 951 2204 Vir
967 2139 1126 2223 siquidem
1139 2139 1238 2222 juxta

239 2250 426 2334 apostolum
457 2253 567 2336 image
597 2250 680 2332 Dei,
713 2273 777 2318 non
810 2253 938 2318 mulier.
984 2252 1051 2317 Sed
1073 2252 1156 2316 sicut
1188 2253 1239 2315 vir

237 2363 347 2451 imago
371 2377 422 2429 est
444 2365 510 2430 Dei
531 2368 580 2431 sic
602 2379 635 2431 et
658 2366 776 2431 mulier
799 2367 908 2454 imago
925 2376 983 2430 *est
1005 2368 1078 2430 viri.
1122 2364 1238 2451 Imago

237 2480 356 2562 quippe
380 2501 539 2561 expressa
560 2479 738 2544 similitudo
762 2478 902 2564 alicujus
924 2481 973 2544 rei
996 2479 1126 2556 dicitur,
1149 2479 1238 2542 simi-

237 2589 344 2657 litudo
378 2613 457 2658 vero
491 2593 554 2657 dici
587 2604 696 2676 potest
723 2595 787 2658 etsi
808 2614 873 2658 non
896 2592 1032 2661 multum
1053 2592 1108 2672 id,
1145 2593 1238 2674 cujus

240 2694 297 2771 est¹
312 2706 503 2787 similitudo,
527 2710 698 2789 exprimat.
744 2703 840 2782 Quod
863 2719 972 2770 sutem
986 2707 1120 2778 nomine¹
1136 2704 1239 2786 patris

239 2819 351 2884 divina
374 2822 533 2902 potentia,
556 2823 694 2885 nornine«
709 2819 772 2884 filii
794 2819 957 2885 seuverbi
979 2819 1090 2883 divina
1109 2800 1244 2901 snpien-v

195 2933 196 2941 ’
240 2935 297 3011 tia,
321 2936 453 2997 nomine
476 2934 608 3015 spiritus
632 2936 737 2999 sancti
762 2933 874 2998 divina
895 2933 1083 3020 benignitas
1105 2953 1164 2994 seu
1186 2951 1239 2994 ca·

171 3079 174 3088 ·
239 3051 320 3114 ritas
343 3049 533 3132 specialiter
556 3053 773 3132 exprimatur,
804 3071 864 3114 nec
892 3071 953 3114 nos
977 3049 1155 3113 nrrctoritas
1180 3065 1242 3126 nec

239 3163 326 3228 ratiti
359 3161 567 3248 subterfugit.
613 3163 798 3230 Potentiam
828 3164 959 3244 quidem
987 3161 1118 3225 nomine
1139 3158 1242 3240 patris
1294 3153 1296 3159 ⁴

241 3273 430 3358 specialiter
461 3275 623 3360 intelligi,
662 3276 697 3337 in
738 3272 973 3356 explanatione
1007 3268 1168 3353 epistolae
1200 3267 1243 3332 ud

143 3386 147 3394 ’
241 3387 417 3470 Ephesios,
438 3387 494 3452 ubi
517 3388 651 3452 dicitur:
674 3389 799 3472 gratiss
821 3397 958 3471 agentes
980 3386 1013 3448 in
1035 3383 1186 3447 omnibus
1207 3383 1244 3445 in

241 3503 373 3566 nomine
396 3491 527 3564 domini·
541 3502 646 3565 nostri
666 3500 747 3564 Jesu
770 3499 893 3565 Christi
913 3478 987 3563 lico
1010 3509 1044 3561 et
1064 3498 1170 3580 patri,
1194 3497 1244 3560 ait

240 3613 376 3691 Hcimo,
400 3609 476 3678 Deo
498 3620 532 3676 et
553 3604 651 3696 putri,
679 3614 713 3679 id
735 3625 798 3692 est,
816 3607 894 3677 ¹Deo
913 3613 1129 3694 omnipotenti
1142 3611 1241 3692 petri.

242 3725 410 3792 Maximus
442 3721 543 3792 etiam
572 3728 745 3810 episcopus
779 3728 814 3790 in
842 3717 1051 3812 eprpcsitione
1079 3723 1241 3808 symboli:

242 3840 380 3921 Credis,
401 3843 526 3929 inquit,
547 3844 581 3906 in
603 3841 711 3910 Deum
732 3853 858 3924 patrem
882 3838 1161 3924 ornnipctentemi
1203 3837 1244 3904 ln

231 3948 317 4016 *Dec
339 3963 455 4024 natura
475 3951 699 4033 innascibilis,
735 3957 769 4020 iu
799 3966 891 4039 patre
921 3943 1083 4041 unigeniti
1105 3955 1243 4031 veritas,
