2798 4486
248 263 331 336 6⁰„

248 447 315 500 tum
331 429 507 514 collocavit,
522 426 609 524 quod
625 433 656 496 et
670 426 711 496 ad
724 441 942 522 contemptum
954 428 1066 497 mundi
1081 444 1112 498 et
1122 429 1164 497 ad
1175 427 1232 498 hu·

247 546 298 636 jus
322 539 525 610 beatitudinis
548 537 738 608 desideriunt
751 537 871 632 pariter
884 538 1038 618 incitaret,
1060 540 1170 609 dicens
1187 546 1233 633 ¹):

242 653 344 732 ¹Beati
365 674 523 746 pauperes
546 648 668 743 spiritu,
691 649 846 743 qnoniam
863 649 1008 744 ipsorum
1030 667 1078 721 est
1099 679 1236 744 reguum
1260 644 1263 650 ’
1293 669 1295 674 ’
1397 693 1398 700 1

250 764 427 846 caelorum,
456 776 487 831 et
513 775 588 854 post
616 759 737 854 aliqua:
774 760 870 829 Beati
898 760 951 854 qui
976 764 1234 862 persecutionem

251 875 414 970 patiuntur
441 887 573 967 propter
593 865 744 964 'justitiam
768 871 919 966 quoniam
941 871 1083 966 ipsorum
1107 890 1157 943 est
1183 901 1231 944 re·

179 1021 181 1030 v
251 1013 349 1080 gnum
366 984 537 1054 caelorum.
574 981 617 1052 Et
634 981 661 1050 si
681 981 847 1074 diligenter
865 983 1066 1051 attendamus
1084 985 1231 1070 adhaec,
1310 1058 1313 1062 ,
1396 1021 1398 1046 ÷

250 1097 398 1166 universa
421 1097 489 1187 ejus
512 1108 680 1188 praecepta
704 1093 754 1162 vel
777 1093 1010 1163 exhortationes
1032 1095 1231 1180 adhiheatur,

250 1224 286 1278 ut
312 1233 370 1301 spe
399 1205 483 1274 illius
511 1188 668 1298 supernae
693 1220 725 1273 et
746 1220 894 1273 aeternae
917 1187 1007 1274 vitae*
1023 1207 1131 1275 omnia
1151 1231 1229 1276 con·

250 1308 442 1388 temnuntur.
457 1333 626 1411 prospera,
655 1313 721 1383 sive
747 1314 920 1384 tolerentur
941 1309 1085 1390 aduersa.
1129 1314 1230 1406 Quod

208 1427 225 1452 ““
246 1437 323 1522 (28.
338 1426 403 1515 V.)
429 1450 632 1521 nequaquam
655 1426 788 1520 arbitror
809 1443 932 1495 vestros
955 1427 1097 1520 attigisse
1119 1425 1230 1497 docto·
1264 1479 1267 1485 -

249 1565 302 1610 res
331 1551 386 1608 aut
411 1536 453 1605 ad
480 1536 566 1604 hunc
594 1537 690 1604 finem
717 1535 795 1606 boni
822 1552 944 1607 vestros
973 1537 1097 1607 animos
1126 1563 1228 1633 aeque

144 1671 146 1676 ·
249 1649 411 1727 invitasse.
450 1643 551 1735 Quod
566 1645 593 1714 si
609 1646 687 1716 tales
706 1663 804 1731 erant,
826 1648 964 1741 assigna,
986 1637 1134 1719 universis
1150 1648 1228 1719 ethi·

229 1785 309 1832 ,cae
330 1775 454 1830 vestrae
476 1782 678 1852 pereurrrens
698 1757 848 1841 instituta,
870 1773 925 1827 aut
939 1758 967 1827 si
982 1759 1146 1853 assignare
1161 1785 1228 1828 non

251 1873 374 1968 possis,
410 1885 498 1938 tauto
534 1867 710 1938 doctrinam
740 1857 858 1937 Christi
886 1867 1106 1963 perfectiorem
1133 1888 1228 1966 atque

166 2033 168 2042 ι
250 1982 415 2052 meliorem
431 2004 502 2048 esse
516 1978 654 2064 fatearis,
677 1997 795 2075 quanto
818 1973 885 2050 nos
898 2005 994 2051 causa
1016 1981 1065 2052 vel
1084 2007 1142 2076 spe
1161 2009 1238 2072 me·¹
1346 2064 1355 2076 ,

250 2093 321 2162 liori
347 2091 389 2162 ad
410 2089 542 2160 virtutes
565 2089 765 2174 adhortatur,
793 2115 863 2159 cum
890 2117 948 2162 vos
970 2092 1076 2186 potius
1099 2093 1227 2163 virtutes
1348 2155 1350 2158 ,

251 2204 301 2273 vel
316 2228 423 2272 earum
439 2199 595 2270 contraria
611 2216 740 2294 propter
761 2225 795 2270 se
817 2201 888 2294 ipsa
909 2204 1022 2294 magis,
1045 2227 1138 2296 quam
1153 2190 1246 2295 pro-⁵
1317 2187 1318 2192 ἵ

251 2324 322 2408 p'ter
344 2310 431 2380 aliud
453 2309 560 2403 appeti
580 2309 631 2378 vel
658 2310 747 2378 vitari
774 2312 890 2379 dehere
919 2313 1086 2384 censeatis.
1131 2311 1226 2380 Unde

252 2439 285 2492 et
304 2421 357 2490 illa
380 2422 515 2488 honesta
536 2418 586 2487 vel
607 2418 776 2489 inhonesta
797 2422 904 2490 vocari
925 2422 1005 2504 haee
1022 2422 1137 2491 dehere
1153 2447 1226 2491 ceu·

252 2532 339 2604 setis.
383 2529 564 2598 Honestum
587 2529 703 2625 quippe
731 2528 849 2614 dicitis,
872 2532 965 2625 quod
986 2559 1044 2628 per
1065 2557 1100 2602 se
1122 2532 1227 2627 ipsum

251 2643 357 2738 placet
379 2656 410 2708 et
430 2655 561 2733 propter
580 2663 614 2708 se
634 2641 748 2735 ipsum,
769 2667 836 2715 non
857 2659 986 2737 propter
1003 2642 1088 2712 aliud
1107 2657 1156 2712 est
1171 2667 1226 2737 ap·

251 2751 435 2848 petendum,
457 2750 539 2817 sicut
554 2776 571 2818 e
588 2751 744 2821 contrario
761 2745 974 2838 inhonestum,
997 2753 1084 2862 qu
1100 2779 1136 2822 ex
1152 2779 1226 2846 pro·

251 2863 322 2958 pria
350 2860 541 2954 turpitudine
567 2876 616 2930 est
636 2860 830 2954 fugiendum.
874 2862 969 2951 Quae
992 2863 1076 2932 euim
1097 2880 1227 2958 propter

252 2972 339 3044 aliud
362 2971 410 3041 vel
433 2962 613 3065 appetenda
635 2989 709 3042 sunt
733 2972 783 3044 vel
808 2972 952 3058 vitanda,
981 2975 1147 3069 capotius
1168 2973 1226 3062 uti·

252 3085 295 3154 lia
315 3083 365 3153 vel
387 3080 508 3150 inutilia
528 3083 727 3176 nuncupatis.
798 3085 802 3094 ’

337 3191 492 3269 Philus.
518 3191 594 3260 -Sic
614 3191 759 3286 profecto
781 3195 899 3264 nostris
921 3196 1021 3278 visum
1043 3193 1225 3288 majoribus,
1252 3263 1254 3267 ,
1307 3189 1312 3210 ”

252 3305 335 3376 sicut
360 3303 393 3371 in
421 3301 566 3372 secondo
585 3302 761 3374 rhetoricae
783 3329 861 3394 snae
882 3306 931 3374 M.
953 3306 1078 3376 Tullius
1100 3305 1242 3400 plenius

206 3428 209 3442 ‘
252 3412 441 3509 exsequitur.
494 3411 560 3480 Sed
587 3412 731 3506 profecto
761 3442 834 3484 cum
863 3415 1005 3500 dicituro
1024 3415 1122 3488 virtus
1152 3442 1225 3510 pro·
1259 3505 1260 3508 Ἴ

250 3540 321 3620 pter
349 3549 383 3594 se
410 3547 476 3592 noo
503 3538 634 3616 propter
662 3522 747 3592 aliud
775 3526 968 3619 expetenda,
999 3553 1066 3596 non
1094 3527 1226 3597 omnino

250 3659 374 3706 merces
387 3700 390 3706 ,
403 3634 586 3702 meritorum
609 3633 797 3718 excluditur,
825 3635 882 3704 sed
905 3621 1102 3707 terrenorum
1123 3637 1226 3706 inten-

184 3778 186 3782 ·
250 3744 296 3814 tio
312 3730 552 3822 commodorum
570 3760 755 3818 removetur.
792 3745 943 3840 Alioquin
958 3747 1104 3815 virtutum
1120 3747 1226 3830 finem,

249 3855 284 3940 id
307 3869 356 3924 est
377 3877 510 3925 eausam
530 3854 657 3926 finalem
679 3881 746 3928 uon
767 3858 850 3930 hene
871 3857 1135 3930 constitueremus
1150 3859 1226 3928 hea-

250 3969 446 3984 m

1 4010 53 4110 ᾗ
122 4077 124 4079 ,
183 4089 187 4094 ,
268 4024 456 4128 ttttautv.
