2798 4486
223 491 377 562 Philus.
413 489 572 588 Adquae
594 486 726 578 utinam,
748 507 784 565 ut
805 489 895 582 dicis,
917 487 963 566 sic
983 486 1113 568 concina

139 629 209 675 cere
231 603 362 698 possis,¹
377 618 412 673 ut
434 602 474 672 ab
496 603 568 697 ipsa
589 619 625 673 ut
645 605 759 689 dicitis,
779 619 930 702 'suprema
952 604 1115 702 sapientia,

138 740 231 812 quam
255 740 368 806 graece
390 714 506 807 logon,
534 712 630 787 latine
657 717 789 785 verbum
805 717 865 787 -dei
892 718 1030 803 vocatis,
1056 743 1114 792 voe

130 833 209 896 'vere
237 824 360 918 logicos
391 840 422 893 et
449 821 618 894 verborum
633 825 822 896 'rationibus'
848 828 1019 900 exhibeatis
1042 855 1114 919 esse
1180 865 1182 876 r

139 953 287 1008 armatos.
330 933 400 1005 Nec
428 933 507 1003 illud
531 933 678 1026 Gregorii
706 937 873 1008 vestrime
895 939 1044 1010 miserum
1065 967 1114 1010 re·
1138 943 1139 948 ’

138 1047 257 1154 fugium
280 1045 487 1140 praetendere
510 1046 731 1139 praesumatis.
774 1047 888 1134 Fides,
910 1049 1026 1144 inquit,
1048 1069 1116 1120 uon

139 1159 233 1228 babet
265 1157 428 1233 meritum,
474 1155 522 1224 cui
552 1157 634 1225 ratio
666 1156 966 1253 bumanapraebet
996 1155 1115 1254 expeti·

139 1285 298 1350 mentum,
327 1291 353 1341 c.
375 1291 402 1335 r.
423 1291 454 1361 p.
477 1266 508 1339 h.
531 1291 560 1336 e.
604 1266 697 1356 Quia
715 1267 799 1337 enim
825 1269 911 1363 apud
930 1294 989 1339 vos
1010 1271 1116 1354 fidem,

141 1403 234 1473 quam
263 1392 424 1460 astruunt,
457 1376 612 1446 disserere
641 1403 707 1448 uon
737 1378 913 1464 sufficiunt,
942 1379 1047 1449 statim
1075 1379 1117 1450 ad

140 1513 217 1558 suae
240 1487 413 1581 imperitiae
437 1486 586 1555 solatium
607 1487 671 1557 boc
693 1486 926 1580 Gregoriauum
941 1506 1117 1560 assumunt.

25 1626 27 1631 ’
141 1599 242 1689 Quod
264 1597 392 1693 quidem
413 1599 500 1690 juxta
523 1623 633 1666 eorum
651 1597 837 1691 opinionem
852 1601 926 1695 quid
943 1600 1027 1670 aliud
1043 1602 1117 1694 agit,

139 1710 199 1780 nisi
227 1726 262 1779 ut
284 1708 477 1804 quibuslibet
497 1707 572 1778 fidei
600 1709 886 1802 praedicationibus
911 1735 1014 1806 aeque
1041 1711 1117 1780 stul-

89 1879 94 1888 .
124 1822 180 1890 'tis
209 1821 291 1889 sicut
320 1835 352 1888 et
380 1819 466 1888 sanis
495 1818 744 1914 acquiescamus.
789 1819 826 1888 Si
854 1821 939 1889 euim
966 1809 1046 1890 fides
1067 1846 1118 1892 ras

22 1952 24 1955 ·
141 1931 231 2001 tione
246 1925 373 1998 minime
389 1929 431 1997 sit
446 1928 654 2012 discutienda,
676 1955 717 1998 ue
736 1929 883 1998 meritum
905 1929 1035 2012 amittet,
1057 1957 1117 2000 uec

60 2114 64 2125 ¹
142 2039 222 2136 quid
248 2039 331 2111 credi
360 2054 506 2133 oporteat
534 2038 633 2107 animi
659 2039 777 2131 judicio
806 2018 1117 2124 sitdiscutiendum,

141 2151 201 2223 sed
216 2150 322 2220 statim
337 2148 397 2233 his,
415 2173 496 2242 quae
511 2148 742 2242 praedicantur,
759 2148 1007 2232 assentiendum,
1023 2174 1117 2244 quos-

37 2317 43 2335 ,
140 2281 270 2356 cunque
296 2283 418 2329 errores
446 2258 642 2352 praedicatio
671 2260 822 2342 seminet,
851 2257 1013 2353 suscipere
1040 2259 1118 2328 nibil

140 2369 245 2455 refert,
268 2369 343 2464 qnia
368 2367 445 2441 nibil
468 2368 542 2438 licet
562 2369 686 2438 ratione
708 2367 862 2451 refellere,
886 2371 942 2438 ubi
962 2370 1117 2439 rationem

141 2507 208 2551 non
236 2480 501 2550 licetadbibere.
557 2479 655 2548 Dicat
679 2478 857 2548 idololatria
880 2478 919 2548 de
942 2479 1047 2573 lapide
1068 2479 1118 2548 vel

140 2592 228 2683 liguo
256 2589 306 2660 vel
329 2591 468 2686 qnalibet
490 2605 646 2673 creatura,
672 2589 723 2658 bic
747 2605 795 2658 est
817 2588 895 2690 dens
918 2613 1011 2658 verus
1043 2588 1118 2678 (sol.

140 2695 195 2776 232
210 2701 279 2789 lb),
301 2716 426 2771 creator
447 2700 528 2770 caeli
550 2715 581 2768 et
602 2716 719 2783 terrae,
744 2698 795 2768 vel
817 2699 988 2794 quamlibet
1008 2717 1118 2795 paten-

140 2827 205 2880 tem
227 2810 500 2882 abominationem
521 2809 691 2904 praedicet,
704 2809 782 2904 ¹quis
805 2835 878 2879 eum
893 2810 1010 2878 valebit
1028 2809 1116 2878 relel·

140 2920 218 3004 lere,
240 2922 267 2989 si
290 2921 330 2991 de
351 2921 413 2990 fide
437 2919 515 2990 nihil
536 2920 578 2989 sit
600 2918 832 2988 discutiendum
859 2919 1005 2990 ratione?
1049 2921 1119 2987 Sta·
1197 2998 1202 3010 ,

118 3099 121 3104 ,
140 3031 197 3100 tim
220 3029 363 3123 arguenti
385 3055 420 3100 se
443 3045 475 3100 et
496 3030 629 3100 maxime
653 3028 823 3099 christiano
855 3047 886 3099 et
914 3029 1001 3124 quod
1028 3053 1118 3122 prae·

139 3143 275 3212 missum
299 3155 348 3210 est
378 3139 501 3232 objicit,
528 3141 634 3223 „fides
663 3163 731 3207 non
754 3138 849 3207 habet
871 3140 1038 3216 meritum“
1060 3155 1117 3212 etc.

141 3251 257 3320 Statim
288 3249 477 3319 christianus
504 3275 541 3318 ex
561 3249 713 3352 ipsa‘sua
736 3247 921 3328 defensione
944 3248 1119 3318 confunde·
1147 3257 1149 3262 '
1209 3300 1212 3309 .

140 3377 203 3449 tur,
226 3360 334 3428 diceus
357 3363 425 3453 ejus
447 3360 574 3453 penitus
596 3358 736 3428 rationes
758 3358 791 3425 irr
811 3358 926 3427 talibus
943 3359 1118 3428 audiendas

141 3496 212 3548 nou
235 3494 323 3553 esse,
349 3469 403 3536 ubi
427 3491 482 3538 eas
505 3468 574 3562 ipse
597 3468 725 3561 penitus
738 3467 855 3544 ,induci
876 3469 1037 3562 prohibet,
1058 3495 1118 3538 nec

142 3606 218 3650 eum
240 3579 377 3674 aliquem
398 3577 575 3648 rationibus
599 3578 722 3663 deiide
744 3593 829 3646 recte
857 3578 1036 3673 impugnari
1063 3578 1120 3646 mi·

140 3689 228 3758 nime
249 3687 409 3782 permittit.

128 3832 132 3840 ·
233 3796 507 3866 Christianus.
550 3797 596 3868 Ut
619 3799 663 3867 ait
684 3797 736 3866 ille
759 3797 910 3874 maximus
932 3797 1119 3899 sapientum,

142 3909 192 3980 sic
214 3925 246 3978 et
266 3908 452 4003 pleramque
474 3907 614 3977 rationes
636 3906 797 3990 videntur,
826 3905 889 3974 boc
912 3922 961 3975 eat
981 3906 1119 3974 rationa-

141 4016 249 4089 biliter
264 4032 295 4086 et
309 4017 537 4088 convenienter
551 4016 657 4113 aliqua
672 4016 743 4099 dici,
763 4041 836 4096 cnm
852 4014 978 4085 minime
992 4016 1035 4084 ita
1051 4015 1100 4084 sit.

907 4129 949 4198 4
