2806 4492
207 249 362 318 XXVIII
446 279 455 284 -

177 426 329 540 ¹nquam
348 443 492 510 nostro
518 443 705 537 tempore
722 454 817 509 cum
826 409 876 510 in
892 431 979 514 aliis
997 431 1209 514 literarum

207 574 466 684 regionibus,
496 575 651 654 tamin
680 557 908 685 theologia,
937 579 1126 687 inprimis
1166 579 1208 659 in·

204 718 376 801 historia
398 720 539 802 critica
559 721 672 802 Novi
691 720 977 824 instrumenti,
997 739 1208 832 receptam

207 893 298 946 esse
327 865 530 966 videmus;
562 864 655 944 lioet
687 865 795 946 enim
819 868 993 948 materia
1033 896 1107 950 ore
1145 896 1210 949 ac-

206 1026 325 1120 cepta
345 1025 428 1120 ¹per
448 1011 572 1091 alium
596 1012 741 1092 litteris
769 1013 959 1096 mandata
982 1014 1048 1115 sit,
1078 1013 1210 1094 Abae·

207 1153 321 1238 lardo
352 1171 489 1271 tamen
518 1157 720 1266 originem
753 1158 885 1238 debet.

325 1305 389 1384 Ex
421 1301 564 1382 eadem
589 1313 776 1390 ὕποθεσει
807 1332 855 1387 ea
885 1305 1070 1413 denique,
1105 1320 1207 1414 quae
1245 1377 1249 1400 ,

207 1475 333 1557 supra
352 1446 401 1527 de
419 1443 633 1529 existentia
651 1462 691 1528 et
712 1449 828 1552 titulo
847 1450 939 1530 libri
975 1448 1079 1530 diota
1099 1465 1208 1547 sunt,

114 1655 115 1660 a
207 1592 392 1677 facillime
407 1589 790 1702 componipossunt.
813 1598 997 1704 Uterque
1017 1608 1058 1673 et
1067 1595 1207 1676 Abbas

208 1739 542 1822 claraevallensis
573 1753 614 1819 et
637 1741 838 1850 Magister
876 1744 1019 1821 Petrus
1060 1767 1208 1820 verum

94 1907 96 1918 ’
206 1885 381 1996 professi
420 1900 527 1966 sunt.
588 1886 754 1968 Amicus
791 1887 956 1997 quidam
997 1900 1039 1966 et
1077 1886 1210 1964 cultor

208 2011 427 2112 Abaelardi
457 2033 561 2111 libro
593 2005 735 2112 nostro
765 2059 791 2112 a
820 2060 864 2112 se
907 2033 1132 2140 composito
1163 2034 1210 2112 ti·

205 2179 337 2263 tulum
368 2176 753 2274 Sententiarum
781 2179 996 2288 imposuit,
1028 2203 1108 2287 quo
1125 2177 1208 2286 qui-

207 2325 302 2406 dem
330 2349 404 2408 suo
434 2324 551 2403 titulo
579 2323 815 2403 Bernartius
855 2323 1005 2402 librum
1036 2323 1204 2432 accepit.

145 2489 147 2498 ’
207 2469 462 2552 Abaelardus
492 2485 628 2550 autem
670 2494 800 2577 neque
830 2464 1029 2577 ejusmodi
1058 2469 1209 2548 librum

208 2617 428 2726 scripserat
450 2641 581 2723 nequo
603 2610 799 2721 ejusmodi
812 2614 928 2692 titulo
943 2612 1208 2693 instruxerat·

326 2760 408 2845 Sed
436 2763 642 2841 mittamus
672 2757 747 2841 bas
766 2760 915 2841 aliasve
931 2760 1211 2868 quaestiuncu-

208 2907 282 3008 las,
313 2934 416 3017 quae
446 2908 634 3016 nonnisi
665 2873 859 2987 historica
887 2907 955 2986 via
984 2905 1087 2986 solvi
1116 2930 1210 3012 pos·

208 3068 314 3134 sunt.
376 3053 421 3136 Si
447 3069 583 3135 autem
597 3054 768 3136 Oudino
785 3055 823 3106 ²¹>
846 3051 971 3135 fidem
987 3047 1142 3130 habere
1168 3049 1229 3179 lis

208 3276 414 3292 m

208 3408 265 3484 21)
296 3400 335 3466 C.
364 3399 534 3476 oudinus,
564 3396 747 3462 Commeat.
778 3398 820 3461 ds
849 3398 961 3479 script.
992 3395 1075 3460 cccl.
1110 3397 1211 3479 antiq.
1249 3411 1256 3428 ·

293 3511 336 3578 Τ.
358 3509 403 3576 11.
427 3536 459 3594 p.
484 3515 577 3576 1169.
600 3515 661 3576 ⁷0:
692 3509 781 3574 Inter
808 3507 895 3574 Mat.
922 3507 1061 3574 Codices
1083 3505 1212 3590 Biblio-

294 3623 411 3688 thecae
434 3622 639 3700 Bodleianaa
657 3621 787 3687 'Codice
823 3627 906 3687 8615
941 3605 977 3686 in
1010 3620 1211 3685 adversariis

294 3735 483 3824 Langbaini
514 3733 597 3800 cot.
620 3741 651 3800 2.
675 3733 718 3802 N.
740 3740 761 3799 6
793 3736 831 3801 P.
858 3733 1041 3799 Abaclardi
1071 3733 1213 3798 Intro·

293 3848 510 3918 ductionis
532 3849 574 3914 ad
596 3847 718 3913 Theol.
741 3845 836 3914 Libri
859 3847 981 3910 tertii
1003 3844 1210 3929 supplemen-

295 3974 362 4028 tum
383 3985 416 4047 ρ.
441 3967 515 4028 148.
559 3961 602 4028 Et
624 3959 737 4045 paullo
759 3971 852 4044 post:
884 3958 974 4028 Inter
995 3957 1080 4026 Illas.
1106 3954 1213 4022 Codd.
