2798 4486
196 441 197 446 ¹
254 444 322 516 Sed
351 460 383 515 et
413 468 487 513 cum
516 439 561 512 ait
591 439 741 513 domiuus
771 437 813 510 de
835 438 975 510 hebraeo
994 445 1025 529 ¹)
1057 462 1170 522 servo,
1198 437 1254 538 qui¹

254 584 322 628 non
346 556 413 627 vult
435 553 545 648 egredi
572 554 670 639 liber,
699 552 788 648 qnod
816 553 875 622 erit
904 577 1016 620 servus
1039 551 1073 620 iu
1096 550 1253 652 seculum,

255 686 382 763 tempus
406 682 530 736 tantum
560 666 643 735 vitae
667 669 736 759 ejus
761 663 1016 759 comprehendit.
1061 660 1140 733 Nou
1166 662 1253 732 eninr
1328 673 1334 686 ¹

253 781 386 850 hebraei
408 777 492 849 servi
515 779 698 847 secundum
719 777 827 871 legem
849 777 1107 855 transmittuntur
1129 773 1172 868 ad
1193 799 1253 870 po·

248 910 375 976 steros,
410 891 492 959 sicot
525 889 572 958 illi
608 890 663 986 qui
697 888 737 958 de
766 889 952 959 nationibus
980 886 1138 982 assumpti
1166 901 1251 956 sunt

253 1004 351 1074 Unde
376 1011 427 1093 2);
463 1027 575 1071 servus
599 999 632 1071 et
653 1000 767 1072 ancilla
789 1000 853 1069 sint
874 999 966 1070 vobis
991 997 1252 1081 donationibus,

253 1117 310 1213 qui
338 1116 372 1184 in
403 1113 539 1183 circuitu
568 1131 676 1184 vestro
705 1128 781 1182 sunt
806 1129 838 1181 et
862 1111 901 1182 de
925 1111 1059 1182 advenis
1083 1110 1136 1208 qui
1159 1135 1252 1205 pere·

254 1228 422 1322 grinantur
450 1226 538 1320 apud
566 1251 641 1304 vos,
672 1225 722 1296 vel
751 1223 867 1320 quiex
890 1223 940 1292 bis
963 1222 1187 1305 uatifuerint,
1215 1221 1250 1290 in

252 1337 337 1415 terra
371 1355 492 1421 vestra,
523 1337 584 1407 bos
620 1337 778 1406 babebitis
806 1334 947 1424 famulos
976 1352 1008 1405 et
1035 1332 1250 1404 haereditario

251 1456 320 1547 jure
352 1448 575 1520 transmittetis
604 1449 647 1518 ad
672 1465 823 1544 posteros
847 1473 886 1517 ac
905 1445 1116 1542 possidebitis
1138 1447 1172 1514 iu
1196 1468 1249 1513 ae·

252 1579 394 1645 ternum3
426 1559 541 1632 fratres
565 1577 674 1631 antem
694 1576 821 1635 vestros
844 1559 927 1629 lilios
951 1543 1116 1630 lsrael‘ne
1140 1556 1249 1652 oppri-

251 1676 347 1744 matis
375 1700 435 1769 per
462 1674 652 1768 potentiam.
698 1671 887 1743 Sulliciebat
910 1671 1028 1768 quippe
1052 1669 1184 1741 domino
1214 1668 1247 1736 in

250 1781 511 1856 remuneratione
542 1785 679 1855 carnalis
706 1783 838 1878 populi,
868 1785 1014 1880 quinon
1036 1782 1100 1852 uisi
1121 1768 1249 1851 terrena

185 1919 187 1922 ·
251 1898 389 1992 sciebat,
419 1922 496 1986 earn,
521 1896 563 1965 ad
592 1914 719 1992 tempus
741 1898 824 1966 vitae
847 1912 970 1966 tantum
992 1893 1172 1990 praesentis
1195 1918 1249 1962 ac·
1277 1885 1278 1891 ἵ

250 2008 469 2080 commodare.
506 2006 610 2097 Quod
631 2036 708 2078 vcro
730 2005 962 2104 perfectionem
984 2007 1065 2100 legis
1084 2031 1248 2076 commen·

251 2119 333 2189 dans
353 2117 540 2213 asseruisti,
568 2146 607 2191 ea
629 2137 770 2204 tanturn,
801 2145 886 2215 quac
909 2120 1045 2214 Moyses
1072 2116 1248 2214 praecepit,

250 2257 324 2302 esse
346 2229 506 2314 facienda,
534 2232 634 2301 miror
657 2233 745 2329 quod
768 2233 885 2303 oblitus
909 2232 965 2316 sis,
987 2248 1018 2302 te
1042 2231 1172 2326 quidem
1195 2255 1247 2299 su·
1347 2297 1350 2305 .

250 2343 359 2440 petius
379 2343 565 2427 astruxisse,
586 2342 790 2413 laudabiliter
810 2344 910 2414 multa
926 2344 1108 2440 praeceptis
1124 2369 1162 2414 ex
1177 2366 1249 2435 gra·

249 2455 295 2523 tia
317 2453 502 2552 superaddi.
540 2451 643 2542 Quod
667 2455 816 2526 omuibus
840 2483 913 2527 esse
932 2456 1133 2526 verissimum
1148 2469 1252 2550 patet,

249 2564 348 2635 Unde
372 2581 405 2634 et
426 2590 485 2636 vos
509 2565 683 2636 nonnullas
706 2566 827 2661 primas
848 2569 1037 2638 traditiones
1052 2584 1127 2663 post
1141 2566 1247 2660 legem

250 2677 438 2772 accepistis,
470 2703 551 2771 quas
573 2679 761 2748 utilissimas
784 2688 857 2766 (16.
871 2679 937 2772 V.)
960 2681 1126 2776 judicatis,
1147 2677 1246 2748 veluti

250 2815 325 2860 cum
348 2777 494 2884 exemplo
511 2788 659 2861 Danielis
684 2792 774 2862 cibos
796 2793 905 2886 regios
922 2810 954 2863 et
968 2790 1077 2862 vinum
1091 2817 1246 2886 respuen-

250 2898 307 2984 tis,
335 2926 378 2972 nc
400 2900 434 2968 in
458 2902 503 2970 eis
528 2902 651 2972 scilicet
674 2905 962 2990 contaminaretur,
990 2919 1049 2975 vos
1073 2927 1247 3000 quoquea

249 3028 363 3083 nostro
391 3013 557 3083 abstinetis
587 3015 674 3086 vino.
725 3015 793 3086 Sed
823 3034 855 3088 et
884 3017 1085 3088 Recbabitae
1113 3040 1247 3110 praece·

144 3165 148 3172 -
249 3141 307 3218 pto
322 3124 469 3196 loriadab
491 3128 591 3222 patris
615 3127 665 3196 sui
687 3127 762 3200 vino
785 3130 819 3199 in
840 3145 1030 3224 perpetuum
1047 3127 1247 3198 abstinentes

249 3251 316 3304 tam
337 3253 514 3331 praecepta
535 3239 680 3334 Moysis,
709 3266 806 3337 quam
837 3244 951 3311 omnes
974 3257 1101 3336 patrum
1123 3255 1245 3309 vestro-

221 3430 224 3434 ·
248 3374 320 3415 rum
342 3347 530 3419 traditiones
554 3353 756 3445 supergressi
780 3369 856 3422 sunt
874 3361 918 3443 3).
963 3353 1017 3423 ad
1041 3376 1123 3448 qnos
1148 3347 1244 3421 etiam

248 3457 408 3528 Jcremias
426 3483 445 3527 a
463 3460 595 3554 domino
614 3464 741 3549 missus,
760 3453 795 3534 ut
810 3465 920 3535 vinnm
933 3464 1090 3548 biberent,
1111 3491 1178 3534 nou
1196 3481 1246 3534 est

250 3572 291 3640 ab
315 3571 362 3640 eis
386 3573 561 3646 exauditus.
597 3573 694 3646 Unde
716 3577 877 3648 intantum
899 3576 1117 3659 voeedomini
1133 3603 1245 3647 eornm

178 3747 181 3754 ,
250 3681 436 3754 obedientia
464 3687 724 3774 commendatur,
758 3705 794 3758 ut
821 3689 868 3761 eis
889 3690 1092 3786 promitteret
1117 3690 1243 3788 dicens:

248 3809 449 3828 Μ

264 3875 299 3946 1)
316 3874 399 3934 Exod
417 3875 495 3947 XXI,
513 3877 537 3937 6.

264 3963 298 4032 2)
317 3961 383 4018 ch.
398 3963 489 4032 XXV,
510 3971 553 4023 44.

265 4050 300 4120 3)
317 4049 371 4106 der.
389 4049 502 4109 XXXV.
