2740 4486
268 275 328 348 dd

273 444 337 508 coit
367 466 409 511 ea
439 466 524 530 quae
550 458 627 512 suut
648 447 734 529 Dei,
765 463 799 514 et
829 463 977 518 caetera:
1015 473 1112 518 uemo
1142 453 1204 518 scit
1231 471 1269 518 aa

275 563 360 642 quae
380 571 457 625 suut
477 557 648 642 hominis,
673 565 740 628 uisi
761 567 894 648 spiritus
924 566 1096 632 bominis·
1121 565 1205 646 Hic,
1237 579 1270 632 ut
1349 585 1350 592 ¹

275 673 322 736 ait
343 671 536 738 Ambrosius
548 721 559 756 ,
582 675 725 740 ostendit
747 675 929 760 Apostolus
953 695 1068 746 contra
1088 680 1270 745 haereticos

139 835 143 850 .
197 821 198 826 ι
275 785 447 878 quosdam,
470 785 598 850 scilicet
621 810 686 852 nou
708 802 991 858 assecreaturaur.
1036 791 1174 857 Sivoro
1190 791 1271 857 haec

276 899 387 964 anima
416 895 530 963 habet‘
547 902 696 968 eamdem
732 905 904 969 scientiam
938 927 1034 989 quam
1063 919 1098 969 et
1129 903 1271 972 Verbum

275 1008 355 1091 Dei,
378 1012 432 1077 bic
446 1012 600 1096 Apostoli
622 1036 730 1090 corruo
752 1016 864 1082 nullus
886 1030 950 1134 ⁰⁸t’.
973 1041 1046 1083 cum
1069 1017 1152 1084 baec
1166 1021 1272 1085 anima
1349 1039 1350 1070 i

277 1137 390 1191 creata
413 1128 468 1191 sit.
510 1129 608 1193 Licet
635 1141 743 1195 autem
775 1142 901 1196 tautum
928 1123 995 1196 aon
1023 1135 1141 1224 sciret,
1164 1129 1272 1198 Deum
1349 1189 1350 1226 p

277 1250 388 1304 tamen
410 1239 652 1346 perfectissima
679 1242 821 1308 videbat.
866 1242 932 1308 Sed
961 1247 1153 1350 opponitur,
1188 1244 1273 1330 quod
1349 1259 1350 1272 ¹

277 1349 372 1417 Deus
395 1354 441 1418 ait
469 1333 512 1418 ad
533 1351 722 1437 Moyseo
728 1353 793 1421 nou
823 1355 946 1421 videbit
976 1354 1029 1423 me
1041 1351 1149 1422 bomo
1166 1369 1204 1420 et
1226 1359 1273 1422 vi·

277 1477 345 1531 vot.
399 1465 466 1531 Sed
495 1469 651 1560 dicimuS,
687 1491 763 1534 esse
793 1471 913 1536 dictum
949 1472 991 1536 do
1026 1471 1162 1537 animali
1194 1474 1273 1536 vita.

277 1577 464 1644 Animulam
501 1593 611 1645 autam
638 1569 744 1646 'vitam
784 1579 920 1648 dicimos
953 1583 1211 1649 vivificationem
1242 1597 1276 1648 et

279 1703 403 1756 motum
423 1690 530 1773 illum,
553 1715 648 1777 quem
670 1693 818 1772 (vitalem
833 1698 989 1777 animam)
1012 1718 1088 1762 caro
1111 1695 1213 1761 babet
1235 1696 1275 1760 ab

279 1805 407 1883 anima,
439 1806 514 1891 quia
537 1805 628 1870 nullo
651 1807 747 1903 ruodo
772 1794 887 1890 corpus
916 1819 1026 1892 potest
1056 1812 1182 1874 moveri
1212 1811 1293 1874 niti*

276 1941 337 2003 per
359 1907 511 1993 adimam.
546 1916 625 1996 Vita
645 1939 725 1984 vero
739 1917 866 1984 Christi
887 1940 951 1985 uon
975 1919 1054 1984 talia
1069 1932 1152 2001 erat,
1176 1923 1275 1988 immo

277 2044 315 2098 ot
330 2034 401 2116 J'am
424 2033 583 2112 diximus,
614 2033 699 2117 quod
727 2032 809 2098 facit
831 2035 941 2098 anima
960 2037 1108 2116 corpori,
1141 2032 1205 2098 boc
1226 2033 1276 2096 fa-

180 2146 186 2155 '
280 2143 386 2211 ciebat
407 2145 553 2212 Verbum
576 2147 704 2210 animae
724 2145 793 2226 illi,
815 2147 890 2231 quia
912 2146 997 2211 nibil
1017 2160 1125 2212 motus
1147 2158 1278 2231 poterat
1349 2175 1350 2216 f

280 2264 408 2343 corpori
431 2259 576 2326 conferri
598 2263 663 2325 uisi
683 2283 742 2344 per
765 2258 921 2326 Verbum.
968 2258 1022 2325 De
1045 2261 1277 2326 affectionibus

278 2386 387 2440 autem
410 2377 636 2457 naturalibus,
657 2380 741 2442 siout
763 2376 877 2443 dolore
899 2389 933 2441 et
952 2377 1095 2456 ceteris,
1118 2375 1202 2442 nibil
1227 2387 1278 2442 est

278 2489 320 2554 ad
342 2490 581 2572 opponendum,
607 2487 888 2573 quianaturaliter
908 2491 1067 2555 inanima
1087 2486 1149 2553 iila
1170 2499 1276 2552 eraut.

203 2592 206 2604 ’
278 2598 314 2663 si
333 2603 405 2684 quis
429 2615 536 2666 autern
550 2603 652 2681 dicat,
675 2601 827 2666 similiter
848 2614 1007 2668 etractus
1030 2602 1158 2683 corpori
1179 2623 1276 2684 prae·

278 2724 367 2778 stare
396 2713 449 2778 illi
481 2717 610 2778 animae
639 2713 789 2778 naturale
823 2726 911 2795 erat,
945 2717 1182 2800 acquiescimus
1206 2714 1278 2798 qui·

280 2825 373 2904 dem,
395 2826 454 2891 aed
477 2827 615 2891 alterum
638 2827 789 2908 abstulit,
814 2851 877 2913 quo
899 2827 986 2894 balet
1007 2827 1104 2892 homo
1126 2847 1278 2923 peccare,

279 2951 313 3004 at
334 2939 472 3004 altorum
494 2941 633 3018 dimisit,
658 2963 720 3026 quo
744 2963 840 3006 verus
864 2940 960 3006 homo
980 2952 1179 3005 remaneret.
1224 2939 1278 3004 Dc

228 3109 231 3121 ,
279 3051 343 3118 boc
378 3055 476 3118 etiam
507 3055 629 3141 ambigi
657 3067 785 3137 potest,
820 3077 891 3120 cum
912 3053 1059 3120 Verbum
1085 3051 1205 3138 ubique
1235 3053 1280 3116 sit
1349 3103 1350 3106 ,

267 3189 337 3250 per
358 3170 546 3246 essentiam,
570 3189 612 3232 au
636 3164 737 3233 ullam
754 3169 980 3232 diversitatem
996 3165 1118 3230 babeat
1132 3165 1278 3230 essendi.

279 3277 336 3344 Sic
358 3282 444 3346 euim
465 3282 605 3346 videtur.
649 3277 735 3347 Nam
756 3303 828 3346 cum
839 3279 985 3344 Verbum
1005 3273 1040 3342 ia
1063 3278 1195 3376 homine
1214 3274 1278 3342 illo

280 3408 370 3463 osset
391 3418 449 3478 per
470 3399 644 3475 unionem,
666 3395 722 3460 ubi
743 3415 809 3460 uon
830 3405 902 3459 erat
922 3393 1020 3458 homo
1043 3392 1121 3472 ille,
1142 3390 1188 3455 ibi
1211 3410 1279 3455 uou

282 3519 353 3576 erat
373 3506 527 3588 Verbum*
548 3510 690 3574 unitum:
723 3507 781 3574 ubi
809 3527 876 3572 nou
902 3518 975 3572 erat
996 3504 1094 3600 bomo
1115 3503 1196 3584 ille,
1229 3501 1279 3567 ibi

280 3643 347 3687 uon
365 3636 442 3688 erat
466 3622 628 3687 mediator
647 3621 715 3689 Dei
735 3634 769 3687 et
798 3620 963 3686 homiuum
975 3645 1002 3700 ‚·
1019 3631 1053 3684 et
1079 3621 1126 3683 ita
1146 3619 1182 3681 io
1203 3609 1279 3680 exi·

281 3739 403 3804 stantia
424 3757 485 3802 cua
507 3737 732 3802 diversitatem
752 3734 946 3819 recipiebat.
990 3733 1046 3800 Sic
1067 3753 1155 3811 essa,
1178 3729 1279 3796 modo

281 3860 391 3934 potest
411 3849 489 3928 dici,
510 3849 597 3934 'quod
609 3848 707 3915 aliter
728 3849 795 3929 bic,
817 3846 915 3914 aliter
934 3849 969 3913 io
992 3845 1087 3912 coeio
1103 3855 1167 3911 cst.
1196 3841 1279 3922 Sed,
1349 3853 1350 3908 ἴ

281 3971 317 4025 ut
345 3981 444 4046 supra
471 3957 637 4042 diximus,¹
667 3962 716 4026 sic
744 3971 795 4027 ast
814 3959 909 4027 Deua
930 3958 1070 4044 ubique,
1103 3959 1280 4044 qoud-aon
