2798 4486
237 220 290 296 12

157 413 161 425 “
240 392 382 472 rabiliter
407 371 598 485 affligamur.
643 388 731 482 Quis
758 413 828 462 uon
853 388 962 485 ipsum
986 388 1242 490 circumcisionis

240 521 375 576 nostrae
397 518 654 588 sacramentum,
667 559 669 564 .
683 529 758 574 cum
786 529 826 574 ex
853 503 1080 573 erubescentia
1108 516 1178 574 tum
1204 529 1242 573 er

240 642 366 716 poena,
388 616 553 714 suscipere
575 641 644 686 uou
666 615 839 694 abhorreat
861 631 918 684 aut
938 614 1097 710 trepidet?
1142 612 1242 705 Quae
1320 649 1321 659 ¹

241 748 310 801 tam
335 747 449 808 tenera
477 727 611 798 humaui
639 727 786 824 corporis
814 727 939 821 portio,
968 751 1067 823 quam
1088 726 1175 813 itta,
1189 726 1243 797 cui

241 831 328 913 banc
350 834 482 939 plagam
503 843 538 912 iu
565 841 645 937 ipsis
674 867 804 938 quoque
831 836 998 948 infantulis
1027 838 1078 910 lex
1105 839 1242 936 infligit?

242 954 341 1046 Quae
360 971 451 1026 tauta
470 970 520 1025 est
536 953 712 1048 agrestium
729 951 927 1022 iacturarum
943 951 1136 1037 amaritudo,
1158 975 1240 1047 quas
1321 1038 1324 1046 ἱ

240 1067 276 1138 iu
299 1067 510 1165 condimento
527 1064 690 1163 paschalis
706 1063 854 1134 sacrificii
869 1064 1047 1154 sumimus?
1070 1062 1156 1155 Quis
1172 1090 1242 1136 nou
1276 1140 1278 1146 ,

240 1180 349 1251 videat
378 1179 475 1248 etiam
504 1203 619 1258 omues
647 1177 715 1249 sere
745 1175 902 1246 delicatos
925 1177 1015 1248 cibos
1038 1192 1071 1248 et
1093 1202 1151 1248 eos
1173 1202 1241 1246 ma·
1278 1165 1282 1170 ⁵
1366 1192 1369 1200 ’

240 1295 337 1378 xime,
359 1291 416 1389 qni
435 1288 532 1362 facile
549 1289 732 1385 comparari
750 1305 901 1385 possunt,
913 1289 1021 1360 uobis
1039 1314 1113 1360 esse
1131 1289 1240 1384 probi·
1321 1305 1328 1346 ι’

239 1405 351 1474 bitus?
386 1401 512 1475 Carnes
529 1402 693 1499 quaelibet
712 1401 754 1472 ab
775 1418 864 1472 estus
884 1403 996 1494 [istis]
1014 1417 1241 1498 praegustatae
1326 1449 1328 1457 ι

242 1517 339 1586 uobis
359 1515 548 1586 immundae
570 1531 659 1600 suut,
679 1530 711 1584 et
729 1512 891 1611 quaelibet
912 1515 1083 1584 morticina
1104 1513 1154 1586 vel
1176 1513 1243 1584 suf·
1323 1601 1326 1605 .

239 1629 353 1700 focata·
377 1627 474 1698 nobis
505 1643 580 1698 suut
607 1627 788 1698 interdicta.
836 1624 907 1697 Nec
936 1627 977 1697 de
1006 1627 1117 1718 bestiis
1147 1628 1243 1701 uobis

243 1741 340 1818 edere
363 1739 454 1825 licet,
477 1739 539 1810 nisi
562 1764 644 1837 quas
666 1763 729 1810 uos
751 1738 815 1834 ipsi
836 1739 1097 1823 mactaverimus,
1120 1756 1153 1810 et
1173 1739 1243 1809 dili·
1325 1823 1330 1832 x

200 1947 209 1952 Ι
242 1872 357 1949 genter
378 1853 475 1947 adipe
499 1868 531 1924 et
553 1851 643 1922 venis
665 1851 925 1947 purgaverimus,
950 1852 1039 1947 quod
1061 1877 1123 1922 nos
1146 1852 1244 1921 etiam
1302 1929 1305 1935 ¹
1328 1856 1332 1865 '

231 1993 311 2056 ‘nou
340 1964 469 2036 modice
498 1980 612 2059 gravat
637 1981 677 2054 ‚et
702 1970 786 2035 tunc'
810 1965 950 2034 maxime
979 1990 1051 2032 cum
1080 1964 1243 2058 integrum
1327 1982 1332 1997 ‘
1397 1995 1398 2002 ¹

241 2104 343 2176 pecus
367 2103 474 2151 emere
497 2075 776 2166 uousuificimus.
819 2075 912 2148 Sicut
935 2076 1020 2146 euim
1042 2100 1105 2146 nos
1128 2100 1242 2156 carues
1327 2089 1333 2126 '¹

243 2217 264 2261 a
294 2191 444 2286 gentibus
473 2206 648 2274 mactatas,
677 2189 725 2259 sic
746 2188 792 2260 illi
814 2213 834 2260 a
856 2188 951 2259 uobis
974 2204 1163 2283 procuratas
1187 2188 1242 2258 ab·
1327 2221 1334 2264 ),
1397 2260 1399 2267 Α

243 2305 387 2375 horrent.
425 2301 517 2373 Viuo
541 2326 671 2398 quoque
693 2301 735 2370 ab
758 2300 830 2371 aliis
852 2318 1026 2396 procurato
1048 2325 1162 2371 omues
1185 2324 1243 2393 pa-

242 2414 551 2496 riter-abstinemus.
595 2411 645 2482 Ex
668 2438 733 2509 quo
756 2411 914 2510 liquidum
936 2414 1012 2503 (fol.
1031 2423 1063 2489 6.
1085 2412 1148 2501 R.)
1171 2419 1244 2482 esse
1334 2489 1337 2510 1

246 2542 385 2611 constat,
408 2551 505 2623 quam
526 2524 656 2596 difficile
671 2525 757 2596 iuter
773 2552 836 2597 nos
857 2543 971 2596 nostra
986 2542 1119 2626 propter
1134 2523 1244 2596 Deum
1331 2511 1337 2526 ²

243 2639 330 2710 vivat
349 2638 578 2734 peregrinatio.
617 2636 704 2728 Quis
727 2638 867 2735 denique
889 2636 1042 2732 legalium
1064 2664 1244 2733 poenarum

244 2747 465 2821 austeritatem
493 2777 562 2820 uon
591 2750 697 2820 solum
726 2749 862 2821 sufferre
891 2752 951 2821 sed
980 2751 1076 2821 etiam
1104 2729 1168 2820 reis
1185 2752 1243 2819 'in-

243 2865 328 2936 ferre
358 2889 426 2934 uon
462 2861 656 2932 abhorreat?
684 2859 788 2952 ¹Quis
816 2862 905 2934 fratri
933 2889 994 2933 suo
1024 2863 1155 2932 dentem
1182 2889 1243 2956 pro
1312 2879 1314 2886 ’

245 2977 354 3059 deute,
377 2974 506 3063 oculum
528 3001 588 3072 pro
612 2973 718 3060 oculo,
740 2973 882 3045 animam
905 2998 1036 3072 quoque
1057 3001 1117 3070 pro
1135 2975 1245 3044 anima

244 3089 393 3160 tolieret?
421 3089 543 3159 nedum
574 3087 670 3157 etiam
696 3087 732 3158 iu
760 3105 865 3159 semet
892 3088 966 3182 ipso
995 3087 1077 3156 baec
1102 3089 1244 3170 ¹tolerare

246 3201 447 3285 consentiat,
473 3227 516 3270 ue
538 3199 685 3270 videlicet
706 3200 770 3294 legi
794 3201 975 3272 contrarius
998 3199 1151 3269 exsistat?
1195 3199 1245 3268 Ex

203 3303 205 3309 ’
247 3314 370 3410 quibus.
385 3311 533 3407 profecto
557 3329 590 3383 et
610 3312 787 3383 innumeris
811 3313 882 3383 aliis
907 3312 1187 3384 observationibus
1207 3311 1245 3380 li-

247 3442 325 3523 quet
352 3449 615 3520 unumquemque
643 3441 792 3496 nostrum
818 3425 884 3518 legi
907 3423 1186 3518 obtemperantem
1207 3422 1245 3491 il-

245 3537 304 3606 lud
326 3535 514 3632 psalmistae
534 3534 609 3608 Deo
632 3554 720 3608 recte
742 3538 886 3634 profiteri
908 3545 956 3625 ²):
984 3536 1126 3636 Propter
1147 3534 1246 3605 verba

244 3650 406 3722 labiorum
427 3663 556 3718 tuorum
579 3675 641 3744 ego
664 3651 824 3720 custodivi
846 3651 914 3722 vias
938 3649 1046 3722 duras.
1114 3671 1124 3688 ⁸
1231 3686 1236 3695 x
1266 3657 1270 3664 ’

333 3760 494 3833 Philos.
518 3760 649 3834 Revera
666 3761 755 3836 relus
773 3761 826 3837 bie
841 3789 938 3863 quem
955 3762 989 3834 iu
1000 3760 1110 3836 Deum
1125 3759 1246 3832 habere

247 3921 450 3941 ——r--fl-

261 4009 298 4082 1)
314 4008 358 4068 Pa.
375 4007 465 4080 xvss.
481 4013 507 4068 4.
