2740 4486
265 445 360 506 mne,
382 423 437 491 vel
461 425 583 491 coritae
605 436 679 506 eet,
706 437 742 490 nt
764 445 804 490 co
826 445 910 509 quae
931 422 1086 490 voluntas
1108 429 1181 501 ent,
1207 417 1261 486 vel
1363 413 1366 424 ‘'

266 562 312 606 ex
341 541 497 620 cnritute,
532 550 569 602 nt
596 541 744 622 potentia
780 537 857 602 tulis
899 517 1053 622 quae-ox
1088 536 1262 602 dilectione
1365 531 1366 534 '

267 664 331 718 eet.
375 649 452 717 Non
485 654 571 716 onim
603 652 698 716 fortis
732 651 787 716 vel
822 650 952 726 nobriue
990 649 1044 716 vel
1069 654 1179 736 justus
1208 647 1261 714 vel

266 765 399 832 homilis
432 763 489 830 vel
518 763 595 828 tolio
629 764 769 844 dicitur,
811 767 876 830 uisi
909 787 1004 849 quem
1033 766 1152 830 caritas
1181 763 1262 828 fecit

264 880 321 948 vcl
342 880 486 944 sobrium
507 878 563 943 vel
585 876 698 943 telem.
1225 865 1227 874 ’

347 992 430 1059 Viso
454 992 494 1058 dc
516 992 635 1056 virtute
657 991 732 1074 quid
755 992 812 1070 sit,
835 1012 919 1056 nunc
942 989 1016 1074 quid
1034 993 1161 1068 vitium,
1185 988 1260 1073 qnid

263 1111 520 1189 oit‘peocutum,
556 1127 703 1190 qtrucque
737 1108 822 1169 iuter
844 1127 885 1170 ea
906 1107 951 1168 uit
974 1106 1179 1182 differentia,
1212 1104 1260 1167 vi·
1366 1193 1367 1196 Ἴ

264 1221 411 1286 deumne.
455 1202 517 1282 Est
544 1220 644 1303 igitur
676 1221 790 1283 vitium
820 1220 986 1300 corruptio
1009 1230 1144 1282 naturae
1157 1217 1259 1296 Aulio,
1366 1217 1367 1222 ’

263 1355 348 1418 quac
379 1331 486 1395 reddit
511 1328 676 1395 hominem
710 1333 921 1414 impotentem
953 1334 1109 1418 reniptere
1143 1327 1260 1395 illicito
1360 1355 1366 1366 ·

260 1445 365 1511 motui
386 1443 442 1508 vel
464 1443 631 1509 nolentem
653 1447 767 1528 cuique
795 1444 934 1509 reddero
963 1444 1048 1528 quod
1076 1465 1169 1508 nuum
1199 1456 1262 1520 ont,
1367 1521 1368 1530 ἵ

263 1559 349 1622 sicut
369 1557 602 1637 nascibiliter,
630 1557 778 1638 luxuria,
808 1557 887 1645 gulo
916 1570 949 1622 et
971 1572 1094 1623 cetera.
1137 1547 1284 1622 Pooca·'
1367 1535 1368 1616 l

263 1683 331 1735 tum
353 1693 433 1736 vero
456 1681 507 1734 cst
528 1671 617 1736 velle
639 1673 750 1751 irasci,
771 1671 861 1737 velle
876 1669 1048 1735 luxuriari.
1094 1669 1182 1734 llinc
1198 1673 1263 1756 igi-

263 1797 316 1849 tur
338 1783 439 1848 facile
462 1775 566 1850 videri
587 1797 711 1866 potest,
734 1788 767 1850 in
783 1785 894 1850 multis
906 1801 988 1848 'esse
1003 1797 1171 1866 peccatum
1190 1787 1263 1847 nine

261 1899 344 1962 vitio
375 1910 409 1961 et
436 1899 551 1964 vitium
572 1901 644 1964 elne
666 1914 821 1982 peccato:
854 1903 938 1964 sicut
968 1897 1106 1982 aliquio,
1134 1900 1189 1982 qui
1210 1893 1261 1964 le'·
1368 1901 1369 1924 l

263 2006 329 2074 cilo
357 2008 491 2074 mobilis
524 2022 576 2076 eet
606 2011 646 2075 ed
677 2013 904 2092 irascendum,
944 2015 999 2097 qui
1022 2033 1058 2076 so
1080 2016 1114 2076 in
1136 2025 1261 2079 tuntum

263 2120 413 2201 cohibet,
444 2123 529 2206 qu'od
558 2124 594 2187 in
616 2125 767 2190 ardorem
788 2125 898 2191 mulne
919 2125 1098 2190 voluntatis
1119 2128 1153 2189 in
1176 2127 1260 2190 alte·
1368 2143 1369 2188 ἢ

261 2255 332 2300 rum
365 2256 430 2300 non
458 2238 606 2318 irrumpit
635 2237 692 2302 vel
722 2251 810 2302 certe
846 2240 1015 2303 materiam
1039 2238 1265 2304 commovendi

261 2349 296 2412 in
320 2348 459 2413 alterum
482 2370 548 2413 non
571 2347 681 2414 habet.
718 2349 811 2417 ldom
834 2352 1057 2418 dcluxurioso
1072 2321 1259 2436 conjectore

261 2457 352 2525 licet.
396 2458 498 2524 Multi
518 2461 678 2546 siquidem
699 2475 794 2540 nunt,
826 2463 882 2547 qui
911 2487 982 2529 cum
1004 2467 1099 2546 proni
1120 2474 1195 2531 'sunt
1218 2465 1261 2530 od

261 2567 346 2647 lroc,
374 2572 578 2638 voluntatem
600 2587 708 2638 temen
733 2574 899 2638 cohibent.
943 2575 1038 2641 Unde
1070 2590 1103 2640 et
1123 2580 1260 2660 majoris

260 2663 371 2752 meriti
391 2686 425 2747 in
448 2697 573 2749 tuntum
602 2705 677 2749 esse
706 2685 978 2770 deprehenditur,
1013 2691 1097 2773 quod
1118 2693 1261 2755 victores
1351 2723 1359 2732 .,

182 2871 183 2876 η
260 2799 295 2865 iu
319 2797 407 2863 lucta
431 2798 628 2863 efficiuntur.
671 2798 754 2862 Sunt
776 2802 874 2864 etiam
896 2800 967 2880 ulii,
991 2803 1136 2885 quicum
1156 2816 1261 2867 mete-

260 2915 344 2978 rium
367 2914 514 2977 exterius
538 2913 578 2976 od
601 2911 664 2976 hoc
687 2934 752 2977 non
775 2911 911 2992 babent,
935 2917 997 2977 etei
1020 2915 1061 2979 nd
1085 2914 1147 2978 boc
1165 2928 1260 2980 netu·

259 3023 375 3088 reliter
395 3026 490 3107 proni
511 3036 606 3106 cunt,
636 3037 834 3090 nontamen
857 3026 898 3090 ed
921 3023 984 3091 boc
1005 3040 1192 3106 monentur,
1222 3038 1260 3092 ut

212 3205 214 3210 ,
260 3151 336 3202 runt
362 3136 462 3203 multi
486 3138 527 3202 de
556 3137 788 3203 claustralibus
821 3139 920 3216 virio,
954 3138 995 3201 dc
1027 3137 1186 3204 solitariis
1219 3151 1261 3210 ,et

259 3247 458 3334 hujusmodi.
505 3250 562 3317 Sic
591 3273 720 3335 quoque
747 3253 782 3314 iu
806 3253 924 3315 ceteris
953 3250 1051 3315 focile
1074 3239 1260 3336 est-‘consi-

259 3361 388 3428 derare.
432 3363 493 3426 Eut
515 3374 549 3427 ct
570 3376 738 3446 peccatum
760 3365 795 3428 ln
819 3363 929 3449 uliquo
953 3367 1025 3428 sine
1047 3366 1140 3443 vitio,
1166 3381 1202 3428 ut
1223 3367 1260 3430 in

260 3499 300 3543 eo
332 3479 387 3561 qni
417 3477 514 3561 hujus
546 3477 602 3556 vel
630 3477 722 3544 illius
752 3481 919 3561 potentiue
948 3500 1012 3544 non
1037 3491 1104 3559 est,
1147 3478 1261 3562 uliquu

258 3604 369 3657 temen
397 3592 513 3679 grandi
544 3611 644 3656 couno
672 3595 911 3657 interveniente
941 3591 983 3656 od
1014 3594 1097 3656 irem
1119 3589 1173 3655 vel
1192 3593 1261 3656 iro·

250 3706 408 3792 cundiam
437 3717 670 3770 commovetur.
715 3704 770 3769 Sic
803 3705 903 3790 igitur
933 3704 1017 3768 vitiu
1052 3704 1088 3767 in
1119 3715 1261 3768 naturae

258 3820 484 3901 corruptione,
505 3829 642 3902 peccota
661 3837 743 3882 vero
764 3819 800 3882 in
820 3813 989 3886 voluntate
1007 3815 1196 3885 jconsietunt
1217 3837 1261 3880 ec

255 3954 315 4024 per
337 3930 399 3998 hoc
422 3931 502 3998 vitio
523 3951 567 3998 ox
594 3930 737 3998 maximo
763 3940 922 4017 portuen
945 3925 1174 4014 complexione
1195 3926 1261 3994 toli
