2798 4486
242 223 295 301 «18

330 391 487 475 Phiios,
523 388 594 464 Nec
618 417 732 461 eorum
751 391 932 462 auctoritati
954 392 1000 462 ita
1023 391 1243 480 concedimus,

241 522 279 576 nt
302 507 388 576 dicta
409 507 557 600 ipsorum
579 505 704 595 ratione
728 530 796 572 non
817 503 1039 590 discutiamus,
1068 521 1243 601 antequam
1289 524 1293 529 '
1397 495 1398 508 ¹

242 619 472 712 approbemus.
515 616 670 712 Alioquin
693 602 917 711 philosophari
941 616 1186 701 desisteremus,
1214 617 1242 688 si
1293 611 1295 618 ’

240 730 390 800 videlicet
407 721 568 810 rationum
588 715 797 823 inquisitione
817 729 1009 823 postposita,
1032 728 1113 798 locis
1130 745 1241 800 aucto·

240 843 341 910 citatis
361 841 428 937 ‘qui
449 839 888 938 inartificialesindicantur,
913 857 944 908 ct
972 864 991 907 a
1014 842 1144 936 reipsa
1171 866 1240 920 om÷
1288 907 1294 929 Κ

239 954 320 1022 nino
346 953 498 1046 disjuncti
520 967 604 1034 sunt,
627 951 659 1019 in
680 947 836 1046 opinione
859 951 966 1047 potius
990 975 1088 1047 quam
1110 953 1143 1022 in
1159 954 1240 1040 veri-

238 1081 305 1136 tate
329 1067 557 1147 consistentes,
579 1063 752 1160 plurimum
771 1053 948 1146 uteremur3
978 1091 1040 1135 nec
1062 1064 1152 1157 ipsos
1172 1082 1241 1134 ma·

237 1181 333 1275 jores'
355 1191 485 1246 nostros
519 1175 561 1243 ad
590 1175 666 1263 tidei
688 1192 814 1244 vestrae
838 1174 1080 1245 consessionem
1102 1191 1168 1245 tam
1189 1201 1239 1244 ra·
1292 1242 1293 1245 ,

237 1291 328 1360 tione
353 1289 474 1382 ductos
494 1312 591 1381 quarn
614 1287 650 1356 vi
667 1287 769 1358 victos
793 1288 1009 1386 crederemus,
1032 1286 1116 1356 sicut
1138 1303 1170 1356 et
1186 1314 1245 1358 vc*

239 1419 324 1470 strae
343 1383 551 1469 consentiunt
566 1399 731 1494 historiae.
768 1403 854 1468 Ante
871 1400 1104 1495 imperatorum
1120 1398 1239 1496 quippe
1267 1415 1268 1421 ’

237 1513 293 1582 vel
314 1511 496 1605 principum
519 1509 562 1577 ad
585 1510 686 1597 fidem
704 1528 848 1601 vestram
866 1510 1110 1606 permiracula,
1126 1526 1170 1596 ⁸ut
1192 1509 1240 1602 die

237 1624 318 1706 citis,
342 1593 610 1705 conversionem,⁸
625 1646 748 1717 paucos
772 1625 955 1718 sapientum
977 1624 1027 1692 vel
1052 1621 1160 1692 nullos
1183 1649 1237 1692 ve·

165 1777 174 1792 ·
213 1753 304 1807 ¹stra
330 1735 511 1829 purificatio
542 1733 728 1828 acquisivit,
756 1735 902 1829 quamvis
931 1751 998 1804 tum
1021 1734 1158 1828 saciiela
1179 1759 1237 1828 pa-

235 1847 425 1918 tentissimis
439 1841 671 1938 idottoharriee
686 1847 847 1916 erroribus
865 1863 977 1938 gentes
995 1859 1135 1942 possent
1145 1846 1237 1916 evelti

236 1975 269 2030 et
290 1960 324 2026 in
349 1982 576 2052 quemcunque
597 1955 694 2028 ,unius
719 1957 771 2026 dci
790 1957 909 2027 cultum
926 1957 1099 2032 transferri.
1138 1957 1237 2028 Unde

230 2086 269 2168 ¹et
296 2069 430 2166 provide
460 2067 585 2138 Paulus
614 2085 721 2139 vester
748 2069 940 2138 invectionis
971 2095 1049 2139 suae
1078 2070 1112 2138 in
1136 2070 1244 2140 Athe-¹

234 2184 368 2258 nienses
393 2181 603 2251 occasionem
626 2206 768 2264 sumens,
796 2183 843 2250 sic
867 2207 1000 2251 exorsus
1023 2183 1068 2251 ait
1087 2190 1136 2271 Ι);
1164 2182 1237 2252 Viri

235 2293 443 2363 athenienses
473 2318 532 2385 per
554 2291 664 2360 omnia
686 2317 746 2360 vos
769 2293 1011 2385 superstitiosos
1036 2318 1108 2362 csse
1131 2293 1236 2378 video,

159 2410 164 2416 ’
232 2421 274 2478 et,
298 2420 415 2474 cetera.
459 2401 535 2474 Jem
564 2419 641 2470 tunc
671 2402 757 2471 enim
786 2402 867 2496 legis
897 2402 1050 2472 naturalis
1081 2419 1111 2472 et
1138 2405 1236 2474 divini

235 2516 338 2584 cultus
362 2513 497 2585 scientia
520 2531 704 2599 evanuerat,
728 2521 800 2604 (Ὦ.
816 2514 881 2602 V.)
904 2531 935 2584 et
957 2507 1132 2585 ¹errantium
1154 2517 1235 2586 mul·

234 2629 338 2698 titudo
375 2626 572 2722 paucitatem
605 2611 788 2721 sapientum
824 2627 956 2697 omuino
992 2627 1155 2698 deleverat
1184 2629 1234 2700 vel

234 2755 458 2835 oppresserat,
486 2755 582 2833 atque
612 2755 647 2808 ut
677 2765 714 2807 ex
736 2755 847 2808 nostra
870 2738 1042 2834 loquamur
1064 2740 1233 2810 couscien-

232 2853 279 2922 tia
315 2868 346 2920 et
374 2849 625 2946 praedicationis
653 2850 847 2919 christianae
884 2877 951 2920 non
980 2852 1145 2922 modicum
1177 2877 1234 2946 ap·

232 2949 419 3059 prohemus
432 2960 571 3034 [ructum
593 2963 753 3056 perhanc
773 2961 911 3032 maxime
932 2965 1179 3053 id0(t0)tatriam
1199 2964 1244 3034 in·

167 3061 170 3066 ¹
231 3076 355 3145 mundo
379 3101 447 3144 non
471 3073 667 3168 ambigimus
691 3074 829 3146 deletam
853 3090 930 3144 tunc
953 3075 1062 3150 fuisse.
1299 3065 1303 3073 ¹

320 3185 544 3256 Christian.
589 3188 738 3280 Adjunge
769 3204 801 3257 et
830 3187 928 3282 quod¹
947 3204 1038 3283 patet
1067 3203 1099 3257 ct
1126 3186 1245 3279 legem·

231 3297 412 3368 naturalem
435 3299 624 3368 suscitatam
647 3325 720 3368 esse
745 3299 973 3393 etv-perfectam
995 3326 1123 3368 morum
1139 3298 1243 3368 discit

229 3409 369 3504 phuam,
399 3434 462 3504 qua
485 3437 563 3494 vos,
588 3426 624 3479 ut
648 3411 779 3493 dicitis,
794 3411 867 3499 sola
887 3411 1024 3479 nitimini
1048 3411 1143 3482 etad
1169 3409 1232 3478 sai-

229 3521 372 3589 vandum
403 3521 550 3592 sufficere
580 3523 725 3606 creditis,
755 3522 898 3592 nonnisi·
916 3524 957 3592 ab
985 3515 1058 3618 ipso
1083 3523 1244 3592 traditam

228 3631 389 3716 suissc„a
413 3660 478 3728 quo
502 3651 667 3731 tamquam
690 3661 767 3704 vera
789 3635 916 3728 sophia,
944 3633 978 3704 id
1002 3651 1050 3718 est
1073 3633 1232 3729 sapientia

228 3743 292 3828 dei,
317 3744 501 3841 quicunque
525 3747 670 3818 instructi
692 3746 758 3816 veri
781 3763 858 3828 sunt
872 3746 1002 3818 dicendi
1016 3743 1228 3842 philosophi.
1339 3809 1340 3816 ,

94 3925 96 3941 ,
186 3879 428 3942 j...-....-
545 3927 547 3933 s
632 3873 639 3888 ³
1073 3856 1232 3927 Philus.
1278 3861 1281 3868 ’

245 3987 280 4058 1)
298 3985 358 4045 aa.
376 3985 466 4059 xtttt,
487 3995 531 4048 aa.
643 3981 660 3996 ”
844 3969 846 3972 ’
