2806 4492
281 212 423 288 XVIIII

211 439 221 467 ·-
260 405 262 410 ’
288 403 351 482 rie
383 398 597 482 treetende
641 396 786 482 desinit
806 414 966 482 'noster
991 400 1131 484 Codex
1156 409 1295 516 pergit

288 573 364 628 nee
389 569 471 626 non
491 549 694 658 inceptem
717 548 933 628 materiam
957 549 1223 660 dispositioni,
1248 556 1293 635 in

287 693 588 777 introductione
606 693 855 803 propositae,
880 697 1141 778 accomodate
1162 699 1293 780 absol-

246 903 250 919 ,
288 842 361 922 vit.
406 831 546 951 Cupite
568 842 701 920 XXII.
728 842 777 922 de
799 843 981 924 bonitate
1001 841 1138 924 divina
1158 845 1293 955 dispu-

288 1004 427 1074 tetur„
458 990 600 1097 Capite
623 989 1050 1072 XXIII-XXXVII
1072 991 1174 1072 duee
1200 994 1292 1072 reli-

289 1161 391 1246 quae
407 1149 573 1245 pertee,
600 1147 797 1246 treotetus
819 1134 874 1214 de
897 1135 1065 1214 oaritete
1093 1150 1292 1220 etseere·

180 1258 184 1271 ’
218 1255 221 1262 ‚
288 1283 457 1386 mentio,
492 1282 706 1366 adduntur.
767 1280 827 1361 ltu
858 1281 963 1366 liber
996 1296 1139 1361 noster
1166 1271 1291 1364 finem

290 1428 507 1537 quendem,
526 1453 647 1540 quem
668 1427 711 1506 in
727 1427 1192 1541 Introduptione'Petrue
1206 1445 1292 1512 tan·

291 1602 413 1686 quem
438 1603 557 1654 suum
587 1576 825 1683 profitetur,
859 1577 1140 1686 persequitur,
1169 1575 1291 1686 quod,

291 1721 488 1841 eiquidern
509 1721 614 1814 ratio
635 1749 713 1829 que
741 1721 782 1800 id
808 1721 880 1804 liet
908 1721 1140 1802 Abaelardo
1168 1722 1292 1832 digne

291 1894 379 1948 esee
393 1867 601 1968 videatur,
632 1895 717 1947 non
738 1869 826 1948 sine
844 1895 996 1976 magno
1014 1883 1223 1948 momento
1249 1869 1293 1948 in

291 2023 479 2119 deflevere
502 2013 632 2094 nostri
657 2013 749 2092 libri
771 2013 1022 2094 defendenda
1040 2039 1128 2094 esse
1144 2025 1292 2120 potest.

409 2165 544 2268 Atque
554 2159 739 2270 profecto
751 2176 1041 2271 argumentum
1051 2159 1146 2240 libri
1162 2158 1292 2242 nostri

290 2303 417 2387 Petro
442 2306 552 2386 haud
578 2307 792 2416 indignum
821 2305 991 2415 judicari
1028 2315 1176 2416 potest.¹
1223 2303 1293 2385 Et·

292 2453 402 2533 enim
441 2452 476 2532 si
508 2447 821 2533 Introductionis
863 2479 958 2534 eum
1002 2453 1108 2533 libro
1148 2463 1292 2532 nostro

376 2805 567 2874 Abeelerdo
589 2804 678 2871 houd
698 2806 868 2871 insolitum
890 2807 994 2872 luisse
1011 2819 1101 2872 eerto
1116 2805 1293 2890 pereundo-

335 2913 338 2920 ’
374 2899 643 3004 bitur,‚quisqui¹
666 2915 971 3008 ejusTheologiam
992 2919 1204 2986 christianum
1219 2937 1292 2984 oum

377 3034 527 3118 ejusdem
555 3031 801 3098 Introductione
831 3037 867 3098 in
888 3021 1112 3120 The'ologiam
1140 3031 1292 3096 conferre

377 3145 533 3212 voluerit.
587 3144 622 3210 l·
658 3149 775 3232 quippe
808 3146 1050 3231 deprehendet,
1089 3146 1227 3226 primum
1259 3155 1293 3207 et
1363 3129 1364 3212 l

380 3263 526 3346 quintum
547 3259 757 3348 Theologiee
787 3259 907 3328 librum
935 3279 1040 3341 paene
1063 3256 1104 3321 de
1125 3256 1228 3324 verbo
1250 3256 1294 3322 ed
1363 3227 1364 3270 l

377 3373 513 3440 verbum
541 3375 576 3438 in
606 3371 853 3452 Introductione
879 3372 1028 3454 reperiri.
1078 3369 1133 3434 De
1161 3391 1226 3454 que
1254 3390 1295 3434 re

377 3485 518 3572 loquent
541 3484 727 3551 Guilelmus
747 3484 861 3551 Abbae
883 3484 919 3550 S.
937 3467 1139 3548 Theoderici
1161 3483 1197 3546 in
1224 3483 1295 3566 epi·
1363 3495 1364 3518 I

378 3597 468 3664 stola
489 3598 532 3663 ed
549 3597 743 3666 Geufridum
759 3597 1000 3664 carnotensem
1022 3608 1055 3661 et
1068 3594 1293 3660 Bernerdum:

379 3709 456 3776 Duo
478 3723 607 3793 entem,
630 3714 690 3793 eit,
712 3707 807 3778 erent
824 3710 935 3778 libelli
956 3687 1166 3791 (Abeelerdi)
1187 3706 1296 3772 idem

380 3844 485 3906 pene
507 3826 735 3892 continentes:
764 3826 829 3892 nisi
849 3822 938 3910 quod
957 3823 993 3888 in
1015 3821 1122 3890 altero
1143 3819 1237 3906 plue,
1258 3819 1296 3884 in

381 3935 487 4006 altero
507 3938 615 4006 minue
637 3935 806 4023 eliquanto
827 3937 1040 4005 inveniretur.
