2798 4486
259 249 322 380 33
787 249 789 258 ’
891 352 892 358 a
1168 343 1173 372 .

346 473 560 546 Christian.
606 473 673 544 Sed
695 501 755 546 nec
777 481 938 546 summum
960 476 1099 548 hominis
1118 479 1241 548 bonum

205 573 210 584 ⁸
257 603 343 657 recte
378 586 530 670 dicimus,
566 612 629 682 quo
661 589 764 679 majus
793 587 924 683 aliquod
951 589 1091 660 hominis
1120 574 1242 660 honum

256 699 421 795 reperitur.
635 775 640 785 x
869 699 872 712 ’

343 807 497 881 Philos.
541 808 589 878 Ita
610 809 756 902 proiecto
779 808 887 905 liquet.
1318 891 1324 902 ι

271 981 272 986 ,
345 918 562 992 Christian.
608 917 741 1009 Quaero
764 919 874 1012 igitur,
903 943 946 990 an
972 921 1082 991 inilia
1107 923 1240 996 beatitu·
1298 939 1346 972 ·=

258 1033 332 1104 diue
355 1031 435 1100 alius
459 1031 521 1100 alio
544 1030 668 1100 beatior
690 1031 750 1115 sit,
774 1031 856 1102 sicut
877 1031 931 1101 hie
953 1033 1086 1104 alterurn
1109 1035 1172 1106 alio
1193 1039 1241 1129 ju-

257 1143 388 1214 stiorem
409 1139 459 1211 vel
482 1142 674 1212 sanctiorem
698 1165 769 1212 esse
793 1142 956 1235 contingit,
979 1160 1014 1212 nt
1028 1145 1175 1215 videlieet
1189 1171 1239 1218 se·
1309 1177 1313 1184 ·

257 1254 398 1325 cundum
426 1253 642 1324 diversitatem
669 1253 852 1325 m'eritorum
885 1254 926 1324 sit
960 1270 992 1324 et
1025 1260 1239 1328 remuneratio

256 1366 394 1438 diversa.
644 1371 646 1383 '

343 1473 498 1545 Philus.
541 1482 608 1563 (99.
624 1473 685 1562 V.)
710 1472 799 1564 Quid
822 1477 849 1546 si
870 1476 914 1546 ita
937 1480 1007 1547 ’3311
1171 1566 1175 1573 ¹

344 1584 564 1655 Christian.
606 1586 724 1670 Immo,
753 1587 827 1681 quia
853 1587 897 1655 ita
920 1602 985 1672 est,
1013 1604 1139 1682 oportet
1161 1614 1238 1659 cou-

258 1697 354 1767 cedas
378 1697 475 1766 alium
497 1696 540 1765 ihi
562 1696 726 1767 homiuem
754 1697 818 1767 alio
847 1697 1022 1776 beatiorem
1050 1697 1149 1783 effici,
1177 1725 1239 1770 neo

258 1834 317 1902 per
338 1809 400 1878 hoc
422 1810 489 1900 ejus
511 1805 649 1875 hominis
675 1807 922 1894 beatitudinem,
950 1834 1032 1904 quae
1054 1811 1158 1879 minor
1181 1826 1239 1894 est,

234 1967 236 1973 -
258 1921 462 2014 nequaquam
484 1943 644 1986 summum
666 1919 806 1989 hominis
828 1921 949 1990 bouum
965 1945 1035 1990 esse
1049 1945 1238 2015 nuncupau-

259 2029 345 2099 dum.
389 2029 486 2098 Unde
515 2056 575 2099 nec
603 2029 709 2113 illum,
738 2030 791 2126 qui
819 2033 923 2101 miuus
953 2031 1015 2100 alio
1043 2033 1156 2101 beatus
1181 2048 1238 2116 est,
1353 2029 1357 2036 ’

256 2144 321 2234 jam
344 2140 472 2209 beatum
496 2141 558 2209 dici
588 2142 746 2211 convenit.
790 2140 957 2212 Summum
980 2143 1095 2237 quippe
1117 2144 1238 2216 bonum

257 2251 290 2320 id
315 2251 468 2329 definisti,
499 2276 561 2346 quo
593 2276 665 2320 cum
688 2253 822 2346 quisque
845 2254 1023 2347 pervenerit
1045 2241 1155 2326 beatus
1180 2270 1238 2337 est,

259 2377 314 2430 aut
335 2361 430 2454 igitur
450 2361 548 2444 illum,
571 2361 625 2455 qui
648 2360 710 2429 alio
733 2363 776 2430 ihi
798 2362 903 2432 minor
924 2378 983 2444 est,
1005 2388 1162 2431 summum
1181 2363 1238 2434 ho·

259 2498 336 2540 num
360 2473 511 2564 adeptum
533 2495 605 2540 esse
628 2471 835 2554 concesseris,
858 2487 912 2541 aut
930 2499 1002 2541 oum
1019 2472 1147 2542 minime
1163 2475 1238 2542 bea·
1332 2501 1337 2516 ⁸

259 2598 326 2655 tum
349 2607 426 2652 esse
453 2581 672 2664 consensoria,
710 2581 769 2651 sed
794 2595 869 2651 'eum
899 2585 1135 2667 tantummodo,
1173 2609 1238 2679 quo

259 2721 356 2767 nemo
379 2687 425 2762 ibi
446 2693 486 2762 sit
506 2691 640 2762 beatior.
685 2693 721 2763 Si
744 2691 827 2762 enim
849 2692 882 2760 id
906 2692 993 2786 quod
1015 2694 1150 2785 adeptus
1179 2711 1237 2780 est,

261 2833 334 2875 eum
360 2807 488 2874 beatum
517 2802 625 2888 efficit,
653 2805 904 2899 prosectojuxta
926 2804 1161 2898 suprapositam
1182 2803 1237 2874 de·
1328 2845 1330 2850 ·

211 2948 230 2963 ⁶
259 2917 440 2990 finitionem
460 2940 618 3000 summum
639 2916 759 2986 honum
781 2914 856 2982 illud
879 2913 943 2984 dici
965 2913 1122 2987 convenit.

347 3024 500 3100 Philus.
554 3025 685 3096 Sustine
713 3025 875 3120 paululum
904 3026 1038 3096 obsecro
1068 3039 1100 3094 et
1126 3024 1237 3092 adten-

261 3141 319 3224 de,
352 3137 429 3234 quid
457 3164 542 3206 nuuc
564 3136 805 3228 interrogationi
826 3136 1017 3206 novissimae
1040 3133 1237 3226 subjecerim,

262 3278 357 3348 quem
370 3259 401 3339 1>
416 3249 509 3319 etiam
524 3247 693 3316 maledicta
713 3248 868 3340 corrigere
886 3247 968 3330 lieet,
982 3273 1063 3339 ¹cum
1078 3245 1120 3313 ad
1134 3243 1236 3338 inqui·
1283 3263 1286 3280 ¹

262 3363 412 3432 sitiouem
429 3359 495 3429 veri
518 3384 584 3427 non
607 3357 648 3425 ad
669 3358 915 3427 ostentationem
936 3355 1066 3448 ingenii,
1088 3355 1172 3424 sicut
1190 3353 1236 3422 di·

249 3490 350 3543 -etum
373 3487 436 3553 est,
464 3468 679 3539 conferamus.-

350 3579 567 3650 Christian.
611 3577 766 3673 Approbo
789 3593 820 3646 et
844 3576 1005 3659 concedo,
1033 3574 1119 3668 quod
1148 3573 1236 3642 dieis.
1281 3662 1284 3673 s
1364 3599 1370 3613 s

263 3691 340 3764 Non
364 3692 447 3761 euim
470 3688 561 3759 uobis
585 3690 669 3758 eirca
690 3687 928 3782 inquisitionem
951 3687 1087 3756 veritatis
1110 3685 1236 3777 penitus
1285 3732 1288 3738 ¹
1334 3769 1338 3782 ι

263 3803 428 3896 occupatis
458 3826 546 3870 more
569 3799 682 3894 puerili
704 3799 753 3868 vel
776 3798 974 3893 importunae
997 3792 1236 3882 declamationis

281 4048 315 4119 1)
332 4047 390 4106 fort
408 4045 469 4124 lega
491 4047 574 4124 quia¹
647 4004 650 4011 ·
