2798 4486
233 267 258 318 Χ

234 431 306 516 gos
330 415 555 493 Platonicos
580 428 619 492 et
641 429 821 493 tractasse
844 427 884 492 'et
906 379 1103 492 imitatum
1129 439 1221 493 esse.

235 549 362 624 simin
400 547 507 626 enim
534 547 661 625 modo
693 548 934 650 quaestionis
960 521 1129 625 sanan
1164 549 1222 626 ds-

231 679 419 780 judicatio
453 681 513 782 (p.
537 681 637 787 alt),
668 681 787 757 simili
812 681 939 758 modo
966 679 1219 784 disputationi

100 851 105 856 ¹
231 814 533 911 triumvirorum
560 812 659 890 finis,
676 814 898 916 imponitur
922 813 982 915 (p.
1008 813 1132 911 124),
1167 807 1221 890 ita

101 1016 104 1030 ,
234 944 397 1047 quidem
422 960 470 1022 ut
491 960 643 1023 certum
664 971 708 1022 ac
732 943 942 1023 definitum
965 946 1099 1023 arbitri
1120 943 1221 1044 judi·

231 1079 337 1160 cium
373 1077 618 1156 desideretur
651 1104 672 1154 a
703 1078 850 1156 lectore
882 1078 1011 1164 obiter
1040 1078 1220 1166 intuenti,

229 1210 343 1290 facilc
378 1227 511 1288 tamen
545 1237 565 1287 a
598 1233 722 1309 gnaro
757 1210 961 1312 sagacique
1000 1211 1126 1313 possit
1160 1209 1219 1284 in-

109 1373 112 1378 ·
228 1341 358 1442 telligi.
416 1341 465 1421 Id
500 1342 612 1444 quod
640 1343 743 1418 bene
775 1344 966 1422 convenit
989 1341 1217 1422 Abaelardo.

228 1480 322 1552 Non
345 1476 452 1568 enim
478 1489 535 1552 est
560 1473 671 1576 quod
697 1473 936 1565 dubitemus,
958 1479 1122 1552 Petrum
1146 1497 1219 1550 no·

173 1627 176 1634 ·
229 1621 355 1684 strum
387 1608 431 1682 in
462 1607 629 1706 dialogis¹
651 1607 861 1684 Platonicis
890 1607 1094 1685 volvendis
1125 1631 1219 1710 ope·

227 1763 314 1816 ram
348 1739 687 1838 diligentissimam
718 1739 898 1841 posuisse
928 1740 982 1838 ¹),
1015 1741 1220 1841 causisque
1288 1746 1325 1803 Ἃ
1376 1723 1377 1728 “

228 1888 286 1949 sat
315 1874 497 1971 gravibus
523 1897 606 1949 esse
638 1872 873 1974 impulsum,
905 1888 951 1948 ut
966 1873 1217 1950 methodum

227 2004 330 2081 hanc
360 2007 593 2082 sententiam
623 2030 736 2080 suam
769 2004 1004 2106 explicandi,
1029 2006 1218 2092 ¹Platonis

230 2139 408 2240 exemplo
423 2136 752 2225 commendatam,
772 2138 937 2234 eligeret.
970 2138 1087 2231 Quid,
1101 2138 1217 2245 ‘quod

227 2271 290 2345 vix
321 2271 393 2345 alia
428 2268 589 2368 reperiri
620 2280 789 2371 poterat,
830 2292 931 2367 quae
963 2268 1087 2365 magis
1119 2282 1218 2344 essct
1251 2334 1255 2343 s
1377 2267 1379 2278 ⁴

227 2401 373 2478 idonea
413 2399 463 2477 ad
500 2397 733 2499 opinionem
774 2396 822 2473 ab
853 2397 1112 2474 inimicorum
1146 2427 1217 2476 cot

229 2529 387 2638 uipereor
412 2532 681 2634 suspicionem
705 2530 856 2632 ubique
880 2515 1129 2632 captantium,
1156 2559 1216 2610 ra-

228 2695 427 2714 ——p—-u—

248 2794 288 2875 l)
307 2793 505 2856 Abaelsrdum
522 2797 658 2858 notitiam
676 2794 807 2860 Platonis
829 2817 890 2858 non
915 2818 954 2859 ex
971 2795 1135 2878 Augustino
1153 2803 1217 2857 tan-

306 2905 371 2958 tum
383 2900 504 2980 cepisse,
524 2900 574 2961 sed
594 2902 657 2982 ipsa
668 2898 799 2961 Platonis
818 2899 1133 2981 scripta'perlustrasse‚
1152 2901 1216 2960 veri

306 3001 386 3062 haud
406 3002 545 3064 dissimile
565 3003 690 3064 videtur.
729 3003 789 3064 cs.
809 3002 840 3064 S.
859 3002 898 3063 V.
918 3001 1120 3078 Sohlosser,
1143 2999 1216 3061 Dul-

306 3106 355 3164 cin
373 3106 435 3166 und
452 3103 600 3166 Abaelnrd
625 3106 741 3186 (Gotho
755 3107 841 3169 1807.
867 3105 925 3184 8.).
949 3126 979 3186 p.
995 3107 1052 3165 115
1064 3105 1094 3164 ff.
1116 3106 1173 3165 123
1185 3103 1216 3164 ff.
1280 3181 1288 3190 ¹

305 3205 373 3267 Non
391 3208 517 3268 multum
541 3209 620 3269 enim
644 3209 743 3284 valet,
774 3209 852 3290 quod
876 3206 1002 3288 objicere
1027 3208 1092 3288 quis
1116 3207 1216 3288 possit,

307 3311 456 3371 versiones
465 3309 598 3372 Platonis
607 3312 712 3370 latinas
724 3318 858 3393 tempore
868 3312 925 3370 isto
938 3310 1068 3370 nondum
1076 3311 1217 3385 extitisse,

232 3461 234 3466 ,
305 3432 371 3474 cum
391 3397 513 3474 Petrum
535 3432 668 3494 graecam
686 3414 816 3495 linguam
838 3412 913 3474 bene
932 3412 1065 3473 calluisse
1088 3412 1217 3492 aliosque

306 3515 399 3595 ipsam
417 3516 559 3591 docuisse,
571 3523 760 3598 „compertum
776 3515 942 3577 habeamus.
976 3503 1151 3595 (Abaelardi
1170 3535 1216 3595 ep.

304 3618 343 3678 ad
361 3616 461 3700 Virgg.
481 3618 621 3680 Paraclet
648 3618 724 3701 0pp.
744 3639 773 3700 p.
792 3607 860 3681 tto.
886 3618 1084 3700 Magisterium
1103 3616 1217 3677 habetis

304 3722 336 3780 in
355 3715 450 3783 'matre
469 3721 642 3807 (Halone),
666 3742 741 3803 quae
760 3741 819 3782 non
838 3728 952 3782 tantum
972 3721 1095 3796 latinae,
1113 3739 1217 3779 verum

305 3825 395 3884 etiam
415 3824 568 3886 hebraicae
587 3845 675 3905 qnam
694 3843 814 3906 gaeeae
829 3844 895 3884 -non
916 3843 1021 3905 expers
1039 3823 1217 3896 literaturae,

302 3926 366 3987 sola
392 3926 448 3988 hoo
466 3935 599 4009 tempore
623 3927 705 3988 illam
724 3928 814 3988 trium
832 3927 996 4009 lingum
1017 3925 1124 4006 adepta
1141 3925 1217 4006 peri·

306 4030 378 4094 tiam
397 4030 522 4093 videtur.
560 4030 621 4092 cn.
640 4029 679 4091 ib.
699 4050 730 4110 p.
748 4030 838 4108 att.)
