2798 4486
225 368 305 440 timu
320 365 400 464 ipsis
419 364 495 437 vitia
514 362 695 440 statuimus.
731 357 830 435 Unde
850 345 968 436 merito
982 375 1156 458 postquam
1178 361 1227 432 di-

78 480 81 493 “
175 563 185 576 γ’
225 495 312 550 ctum
335 494 386 554 est
404 479 505 562 firma,
528 477 736 572 subjunctum
756 490 806 548 est
824 474 1004 549 moderata.
1042 475 1106 544 Cui
1119 474 1227 571 proie-

221 608 282 662 cto
307 589 425 662 rationi
455 591 560 685 ipsam
588 587 780 684 prudentiae
809 588 969 658 rationem
994 609 1148 681 praeesse
1170 613 1227 658 ne-

226 727 321 774 cesse
343 717 408 786 est,
431 725 530 798 quam
551 701 714 785 virtutum,
735 715 771 770 ut
794 699 942 784 diximus,
964 715 1100 770 matrem
1122 698 1226 769 nomi·
1280 721 1282 729 ’
1311 729 1316 752 .

224 831 323 899 nant,
362 814 427 884 hoc
463 829 513 884 est
548 812 711 906 originem
742 813 886 909 ipsarum
914 827 1022 908 >atque
1058 812 1226 880 nutricem.

225 926 293 996 Per
314 927 401 996 banc
423 924 509 994 enim
531 923 596 994 nis-i
617 924 749 996 virtutes
772 948 1028 1018 praenoscamus
1052 938 1085 995 et
1106 947 1162 994 eas
1179 921 1226 990 di-

224 1037 363 1132 ligenter
384 1063 453 1107 non
477 1036 583 1106 solum
605 1060 626 1106 a
648 1034 819 1108 contrariis
842 1051 875 1105 et
896 1035 1095 1120 manifestis,
1115 1061 1226 1106 verum

225 1150 324 1220 eti-am
346 1173 367 1219 u
392 1148 535 1218 finitimis
562 1147 645 1216 vitiis
675 1148 859 1218 discernere
885 1147 1066 1232 ualeamus,
1103 1136 1237 1242 nequa-¹

133 1268 135 1273 ’
177 1272 179 1286 ’
225 1287 325 1358 quam
348 1261 413 1341 eis,
446 1285 528 1356 quas
551 1259 751 1352 ignoramus,
774 1258 932 1329 habendis
955 1259 1007 1330 vel
1030 1283 1225 1329 conservan-

225 1373 278 1442 dis
301 1397 435 1470 operam
461 1371 586 1446 dumus.
632 1370 730 1440 Unde
759 1371 944 1466 quicunqne
973 1371 1024 1440 bis
1053 1394 1225 1442 consuma-

189 1551 190 1560 ,
224 1501 279 1555 tus
307 1501 358 1554 est
386 1483 554 1555 virtutibus
577 1481 655 1577 (fol.
676 1490 729 1557 37.
751 1481 829 1572 R),
863 1483 893 1552 ei
921 1483 1091 1578 prudentia
1116 1482 1224 1552 inesse

185 1639 186 1642 =
220 1619 362 1666 necesse
386 1610 450 1681 est3
474 1621 533 1691 per
555 1620 653 1691 qnam
675 1594 825 1666 videlicet
847 1610 879 1664 et
899 1595 1030 1689 justitia,
1052 1618 1135 1689 qnae
1158 1620 1226 1663 me·

51 1757 65 1790 ς
123 1797 125 1802 ,
224 1709 287 1778 rita
314 1705 500 1803 dispensat,
528 1707 607 1803 quid
633 1705 749 1803 cuique
773 1706 944 1791 debeatur,
973 1707 1066 1776 sciat.
1118 1704 1225 1776 Forti-

225 1820 305 1890 tudo
333 1819 368 1891 in
395 1819 610 1915 suscipiendis
639 1816 791 1913 periculis
820 1817 871 1889 vei
896 1817 1061 1888 laboribus
1084 1817 1226 1888 toleran-

224 1932 276 2002 dis
299 1932 536 2022 {discretionem
565 1930 678 2014 habet,
706 1931 935 2024 temperantia,
962 1947 999 2000 ut
1023 1930 1142 2000 dictum
1166 1944 1226 2013 est,

224 2043 260 2112 in
290 2043 561 2140 concupiscentiis
589 2043 795 2112 reservandis
822 2043 1090 2114 moderationem.
1135 2041 1226 2112 Con·

225 2171 289 2226 stat
315 2157 412 2250 igitur‘
438 2157 473 2224 iu
505 2154 555 2224 bis
592 2155 708 2238 tribus,
746 2179 827 2250 quas
857 2155 1012 2239 diximus,
1045 2155 1225 2236 virtutibus,

227 2267 344 2362 quibus
367 2266 541 2362 prudentia
564 2265 680 2335 deesse
703 2292 771 2341 uon
800 2282 925 2360 potest,
956 2267 1120 2336 bominem
1147 2291 1224 2336 con·
1256 2251 1261 2257 ⁶

225 2378 381 2450 summari
409 2393 442 2446 et
470 2376 569 2446 bonis.
593 2377 714 2471 periici.
766 2374 863 2465 Nunc
885 2403 962 2448 vero
984 2379 1126 2472 ipsarum
1150 2401 1224 2472 spe·

227 2490 294 2560 cies
317 2515 376 2558 sen
397 2505 506 2584 partes
530 2505 679 2584 superest
701 2489 916 2582 distinguere,
946 2499 1010 2585 quo
1041 2488 1223 2579 diligentius

227 2625 284 2672 eas
308 2624 525 2693 agnoscamus
550 2617 582 2670 et
605 2626 717 2670 eorum
740 2600 920 2672 doctrinam
934 2626 993 2695 per
1008 2599 1135 2694 singula
1148 2625 1224 2696 pro·

108 2766 130 2786 .
226 2713 396 2808 sequendo
419 2713 524 2783 verius
546 2713 737 2807 judicemus

316 2823 540 2894 Christian.
584 2825 687 2896 Immo
720 2824 797 2922 quia
823 2822 872 2895 sic
900 2822 1006 2922 placet
1034 2838 1067 2894 et
1092 2821 1224 2920 placere

226 2953 371 3034 oportet,
392 2936 426 3005 id
448 2935 517 3008 fieri
539 2953 700 3033 optamus.
1333 3016 1339 3022 ¹

313 3048 467 3122 Philus.
512 3049 568 3119 Ad
588 3049 743 3144 justitiam
771 3049 896 3145 itaque,
927 3047 1019 3144 quod
1047 3072 1142 3117 snum
1164 3062 1225 3132 est,
1301 3058 1303 3060 ’

112 3189 114 3193 ·
225 3160 401 3256 uuicuique
426 3177 624 3257 seruantem,
653 3178 690 3232 nt
716 3162 878 3231 succincte
910 3159 1034 3244 dicam,
1061 3159 1225 3254 pertinent

225 3272 470 3360 reverentia,
502 3272 803 3358 beneficentia,
836 3271 1058 3356 veracitas,
1090 3270 1225 3344 vindi·

226 3401 346 3454 catto.
365 3423 411 3441 -

492 3589 495 3595 ἱ
545 3493 637 3584 Quid
660 3495 701 3570 tit
722 3493 911 3569 reverentia.

313 3607 544 3677 Reverentiam
567 3623 786 3701 campartem
810 3606 952 3701 justitiae
983 3606 1134 3691 dicimus,
1167 3633 1226 3702 per

227 3743 324 3814 quam
343 3717 493 3788 omnibus
509 3717 651 3787 debitam
666 3721 907 3791 venerationem
925 3719 1073 3790 exhibere
1090 3734 1225 3814 sponta-
1321 3726 1325 3733 ’

225 3829 280 3899 uei
309 3852 439 3913 sumus,
468 3846 535 3898 tam
564 3828 724 3908 videlicet,
744 3830 834 3924 deu,
853 3829 937 3927 quae
964 3831 1078 3924 religio
1102 3819 1225 3915 dicitur,

157 4012 162 4018 ,
228 3963 325 4038 quam
356 3954 388 4011 et
417 3940 604 4014 bominibus
632 3957 795 4040 potestate
821 3942 873 4017 vel
900 3941 1010 4041 aliquo
1039 3941 1154 4015 merito
1178 3941 1225 4012 di·
