2798 4486
1038 255 1042 264 ‘
1110 279 1159 355 oo

178 450 388 552 tranquillitas
416 467 451 520 ut
478 475 538 520 uec
566 448 713 551 euterius¹
727 472 798 518 eam
822 449 995 545 corporalis
1018 447 1160 534 afflictio,

179 591 240 635 nec
268 563 404 634 interius·
431 577 571 632 mentem
601 563 708 656 aliqua
735 562 859 656 peccati
888 562 1085 633 couscientia
1111 562 1160 630 in·

181 675 311 772 quietet,
345 674 394 744 vel
421 673 530 743 vitium
558 675 680 758 obstet,
707 689 742 744 ut
770 672 889 768 optima
917 677 984 767 ejus
1013 665 1160 743 volontas

182 788 319 858 omuino·
342 785 560 880 compleatur?
606 783 771 875 Quamdiu
795 801 901 854 autem
927 785 1081 854 voluntati
1103 806 1161 854 no·
1237 849 1243 856 .

182 915 266 968 strae
295 879 416 992 aliqbid
446 895 586 981 obsistit,
614 897 664 966 vel
693 898 798 981 deest,
827 921 900 965 vera
920 896 1084 966 beatitudo
1106 922 1162 965 ne-

183 1034 345 1105 quaquam
367 1024 422 1082 est.
470 1006 571 1098 Quod
593 1008 703 1102 ntique
725 1033 852 1100 semper
874 1007 987 1092 evenit,
1012 1008 1088 1076 dnm
1110 1008 1162 1078 hie

183 1120 309 1205 vivitur,
345 1136 376 1190 et
412 1119 518 1189 a'uirna
544 1120 659 1188 terreni
689 1118 832 1212 corporis
860 1117 945 1188 mole
965 1135 1103 1211 gravata
1132 1133 1164 1188 et

184 1231 275 1328 quasi
296 1255 422 1301 carcere
451 1230 590 1327 quodam
619 1229 786 1314 conclusa,
813 1255 887 1300 uera
909 1256 976 1300 uon
997 1230 1109 1298 fruitur
1129 1229 1165 1297 li-

183 1344 313 1417 hertate.
350 1341 435 1430 Quis
458 1342 542 1410 enim
565 1340 738 1437 aliquando
760 1366 827 1410 non
843 1340 1002 1412 desideret
1017 1339 1165 1424 calorem,
1262 1368 1264 1376 ’

186 1453 262 1523 dum
283 1453 416 1524 nimium
436 1451 531 1546 friget
551 1451 602 1523 vel
625 1478 642 1522 e
666 1475 831 1537 converso,
854 1468 909 1524 aut
926 1477 1073 1522 serenum
1089 1451 1166 1520 dum
1227 1513 1231 1522 .

185 1563 291 1660 pluvia
313 1581 470 1658 gravatur,
492 1564 601 1634 autad
619 1589 710 1634 esum
723 1563 774 1633 vel
789 1563 1009 1634 indumentum
1031 1561 1098 1655 (lul.
1114 1574 1167 1637 28.

186 1675 242 1767 R.)
266 1701 362 1770 saepe
380 1675 526 1770 amplius,
544 1700 639 1770 quam
659 1675 798 1745 habeat?
824 1674 1070 1744 Innumerabilia
1092 1690 1168 1744 suut

187 1802 219 1856 et
233 1787 303 1872 alia,
325 1785 450 1883 quaesi
467 1785 655 1857 manifestae
674 1785 797 1855 veritati
814 1811 881 1874 non
895 1787 1089 1870 resistamus,
1107 1812 1167 1855 uo·

186 1897 236 1967 bis
259 1897 441 1968 uolentibus
463 1895 664 1990 ingeruntur,
687 1896 737 1965 vel
759 1896 936 1967 volentibus
960 1897 1167 1990 denegantur.
1205 1985 1208 1992 γ

188 2009 355 2092 hiantem,
377 2024 411 2077 ut
425 2033 464 2078 se
483 2010 563 2082 ratio
583 2009 690 2092 hahet,
712 2007 790 2076 illud
808 2008 890 2077 vitae
907 2006 1030 2076 futurae
1046 2008 1168 2077 bouum

187 2120 280 2189 nobis
311 2145 470 2188 summum
498 2119 730 2190 aestimandum
763 2133 826 2202 est,
862 2134 941 2212 puto
968 2117 1068 2202 viam,
1103 2141 1169 2214 qua

188 2229 264 2318 illuc
282 2231 471 2324 pervenitur,
496 2203 624 2301 virtuies
647 2255 729 2314 esse,
755 2229 869 2325 quibos
892 2229 944 2298 hic
967 2228 1168 2303 adornamur.

187 2337 240 2409 De
263 2341 376 2436 quihus
398 2343 604 2436 postmodum
626 2340 808 2434 diligentius
830 2341 924 2412 uobis
941 2339 1170 2410 conferendum

187 2467 254 2525 errt.
321 2451 327 2468 “

277 2560 500 2633 Christian.
543 2563 630 2637 Ecce
648 2563 769 2634 adhoc
785 2561 959 2656 disputatio
975 2579 1085 2666 nostra
1099 2588 1169 2659 per·

190 2670 285 2742 ducta
312 2689 376 2757 est,
402 2690 439 2743 ut
463 2697 620 2743 summurn
642 2661 779 2744 hominis
802 2674 941 2757 bonum,
968 2669 1033 2742 sive
1055 2674 1171 2768 ipsum,

188 2798 225 2851 ut
242 2782 360 2853 dictum
377 2801 435 2874 pst,
456 2785 552 2854 linem
573 2783 661 2869 boni,
681 2785 807 2855 futurae
829 2783 913 2853 vitae
935 2776 1173 2871 beatitudinem,

191 2907 232 2976 et,
254 2919 316 2989 qua
339 2895 413 2965 illuc
435 2897 625 2990 pervenitur,
647 2895 730 2965 viam
751 2895 881 2964 virtutes
902 2897 1069 2989 ponamus.
1105 2895 1174 2964 Sed

188 3002 277 3097 prius
299 3005 339 3092 de
362 3005 424 3075 hoc
446 3031 571 3076 summo
597 3007 684 3075 hono
713 3023 874 3089 nostram,
905 3005 937 3073 id
960 3023 1009 3074 ost
1031 3003 1173 3075 christine

81 3143 84 3148 ’
115 3189 117 3200 ,
189 3138 282 3197 uam,
305 3141 377 3185 cnm
398 3117 510 3186 vestris
534 3115 676 3186 coulerre
699 3115 774 3184 volo
798 3115 1007 3210 disciplinam,
1033 3132 1069 3184 ut
1091 3142 1173 3210 quae

0 3289 5 3300 .
76 3221 108 3272 ·’
190 3223 285 3317 hujus
312 3226 390 3296 boni
419 3228 599 3298 doctrinam
626 3226 676 3296 vel
706 3226 957 3296 exhortationem
980 3226 1076 3295 habet
1096 3227 1173 3296 ube·

189 3334 322 3420 riorem,
349 3353 512 3433 mmquam
541 3337 712 3432 perfectius
740 3338 897 3408 habeatur
924 3353 955 3406 et
984 3337 1013 3406 ei
1038 3339 1174 3433 amplius

191 3445 441 3540 obtemperetnr;
472 3450 512 3518 de
535 3450 632 3519 veteri
655 3465 762 3518 antem
784 3448 865 3541 lege,
887 3474 950 3543 qua
969 3447 1086 3518 Judaei
1108 3449 1175 3542 glo·

189 3554 326 3640 riantur,
353 3574 385 3627 te
408 3558 527 3653 optimc
550 3560 711 3630 arbitraris
733 3577 949 3643 monstrasse,
982 3559 1104 3628 nullum
1130 3560 1177 3628 ihi

154 3679 159 3689 '
191 3669 367 3756 praemium
396 3669 489 3763 hujus
519 3671 722 3740 beatitudinis
749 3671 947 3764 promissum
975 3669 1090 3754 luisse,
1117 3695 1179 3739 uec

189 3771 266 3843 inde
289 3767 433 3872 aliquam¹
449 3781 493 3848 ibi
517 3782 772 3878 exhortationem
796 3779 971 3849 adhibitam
991 3806 1073 3874 esse.
1108 3779 1179 3849 Do·

164 3939 169 3954 .
190 3883 295 3954 miuus
312 3903 418 3958 autem
436 3889 544 3975 lesus,
563 3917 635 3961 curn
653 3915 774 3960 novum
793 3890 932 3961 traderet
948 3907 1180 3972 testamentum,

190 3991 317 4090 inipso
340 3998 448 4070 statim
471 4001 602 4072 exordio
621 4000 683 4071 tale
708 4001 873 4103 doctrinae
894 4027 970 4072 suae
992 4001 1204 4096 fundamen--
