2740 4486
361 454 506 523 Primum
525 457 627 545 igitur
648 453 835 538 videamur,
866 479 952 544 quae
979 459 1021 526 ad
1038 459 1201 546 justitiam
1221 480 1271 524 re·

263 568 444 665 ducantur.
488 570 612 636 Omnes
634 569 715 636 illae
743 574 900 652 virtuter,
931 595 1015 656 quae
1045 575 1210 655 pertinent
1231 574 1271 638 ad

273 685 480 751 reddendum¹
510 688 685 769 unicuique
717 686 804 770 quod
830 708 924 751 auum
947 699 1017 766 eat,
1051 667 1272 771 adjustitiam

274 812 435 879 spectant.
480 798 591 863 Virtus
620 799 700 877 illa,
733 821 816 882 quae
838 802 982 882 pertinet
1004 801 1053 880 iad
1075 799 1271 864 reddendum
1362 859 1363 870 ἶ

272 911 348 978 Deo
372 913 457 996 quod
479 934 572 976 auum
596 925 658 990 eat,
680 913 792 988 idest,
815 911 934 999 religio
953 913 997 976 ad
1015 915 1179 996 justitiam
1200 935 1271 994 per·
1293 893 1296 901 ,

273 1029 365 1093 tinet.
410 1025 587 1113 Similiter,
618 1047 701 1108 quae
721 1026 830 1089 reddit
851 1026 1042 1108 parentibus
1073 1026 1159 1110 quod
1181 1046 1272 1092 suum

273 1153 344 1219 est,
365 1140 399 1205 id
422 1151 491 1218 est,
513 1141 620 1221 pietas
643 1152 676 1202 et
698 1141 820 1218 virtus,
844 1161 927 1223 quae
949 1141 1058 1204 reddit
1079 1139 1270 1223 majoribuS,

271 1251 327 1316 vel
349 1253 548 1330 minoribus,
580 1253 635 1316 vel
658 1252 850 1334 aequalibus
880 1253 965 1336 quud
988 1273 1081 1318 auum
1113 1266 1196 1332 cat,
1219 1238 1272 1316 uel

270 1367 374 1431 virtue
418 1343 502 1448 quaa
546 1365 748 1448 pauperibus·
786 1366 872 1450 quod
903 1387 997 1431 suurn
1027 1381 1083 1441 est¹
1114 1343 1271 1454 ΙιιιςίιιιιΖ

271 1476 366 1556 haec,
390 1480 532 1561 inquam,
556 1480 663 1541 omnia
676 1479 891 1562 adjustitiam
912 1491 1076 1562 tamquam
1100 1493 1209 1562 parter
1223 1484 1273 1544 in-

271 1593 418 1678 tegrales
441 1593 637 1657 referuntur.
681 1590 795 1657 Unde:
819 1595 885 1658 nisi
909 1591 1125 1658 abundaverit
1138 1595 1273 1676 justitia
1362 1653 1363 1658 ,

271 1691 480 1788 νειιιιιρῐιιι
512 1727 608 1790 quam
636 1705 824 1770 Scribarum
853 1717 887 1768 et
916 1703 1181 1770 Pharisaeorum.
1226 1705 1297 1768 Etr

273 1818 313 1882 de
336 1816 548 1903 eleemosyna
570 1819 697 1884 David:
731 1819 910 1902 dispersit,
941 1819 1031 1882 dedit
1062 1820 1274 1901 pauperibus,

234 1959 236 1964 ·
267 1933 398 2016 justitia
421 1935 493 2015 ejus
520 1945 631 1996 manet
659 1934 694 1995 iu
723 1932 868 1996 seculum
901 1931 1023 1997 seculi:
1058 1954 1142 2016 quae
1166 1937 1276 1999 omnia
1362 1927 1363 1960 ³

271 2044 397 2109 tactum
419 2047 466 2109 ric
485 2021 662 2129 justitiam,
685 2046 769 2130 aicut
791 2046 929 2110 scientia
950 2047 1143 2110 inveniendi
1167 2058 1200 2110 ct
1219 2050 1276 2131 ju·

272 2159 402 2222 dicandi
424 2157 568 2244 logicam
599 2158 736 2224 iaciunt.
779 2157 895 2242 Neque
918 2162 1003 2223 enim
1026 2162 1154 2242 specics
1172 2162 1274 2244 justi·
1324 2221 1326 2234 ⁴
1362 2131 1363 2196 l

270 2273 338 2335 tiae
359 2249 426 2334 dici
447 2281 600 2352 possunt,
631 2293 703 2334 eum
733 2269 827 2334 nulla
853 2270 984 2336 illarum
1006 2294 1064 2354 per
1086 2293 1123 2336 aa
1141 2274 1272 2356 juetam

270 2384 391 2462 faciat,
423 2383 456 2451 id
480 2397 549 2463 ert,
571 2384 764 2448 reddentem
785 2385 959 2468 unicuique
983 2387 1069 2469 quod
1092 2407 1185 2450 tuum
1208 2399 1276 2466 est,

255 2497 330 2562 ¹aed
352 2498 437 2560 sicut
458 2509 621 2562 conuentu
643 2499 778 2579 parietis
808 2499 888 2561 tecti
922 2511 956 2562 et
986 2499 1192 2564 fundamenti
1215 2501 1275 2563 do·

249 2595 343 2674 ‘tuus
374 2609 535 2687 efficitur,
565 2612 772 2674 aicistarum
792 2611 948 2674 virtutum
970 2626 1133 2678 conventu
1162 2613 1276 2696 juatuu

272 2721 425 2786 efficitur.
469 2720 561 2786 visis
584 2741 685 2807 ergo,
706 2743 790 2805 quae
812 2725 1035 2808 adjustitiam
1057 2725 1274 2793 reducantur:

272 2857 356 2920 quae
385 2836 427 2899 ad
456 2831 701 2914 fortitudinem,
737 2857 819 2919 quae
851 2838 894 2901 ad
916 2841 1164 2920 temperantiam
1185 2839 1277 2903 refe·
1362 2871 1363 2930 ι

270 2965 397 3030 rantur,
419 2951 533 3016 videre
552 2963 671 3015 restat.
708 2952 893 3032 Fortitudo,
917 2966 951 3016 et
974 2957 1212 3037 temperantia,
1240 2968 1279 3020 ut

271 3064 392 3126 dictum
415 3078 478 3144 est,
500 3067 666 3146 potentiae
687 3079 775 3144 sont,
799 3067 875 3149 quia
897 3087 1010 3132 earnm
1029 3073 1215 3134 contrariae
1239 3082 1279 3134 ut

271 3178 485 3259 impotentiae
507 3177 669 3261 quaedam
691 3181 838 3246 existunt
867 3190 900 3242 et
922 3200 994 3243 cum
1016 3177 1080 3244 hoc
1109 3184 1172 3261 rit,
1205 3203 1279 3248 non

271 3303 382 3356 tamen
404 3291 557 3356 desinunt
578 3289 708 3354 habitus
732 3313 821 3356 esae-
864 3291 1020 3356 Potentia
1042 3314 1121 3357 veru
1141 3308 1281 3359 nature·

271 3404 314 3472 lia
338 3413 372 3469 et
399 3402 529 3468 habitus
559 3406 711 3485 opposita
741 3416 828 3468 aunt.
872 3403 940 3468 Sed
967 3409 1156 3488 potentiae,
1189 3429 1280 3491 quae

272 3539 331 3600 per
366 3516 616 3599 applicationem
650 3516 790 3601 subjecti
824 3517 978 3597 veniunt,
1016 3517 1149 3592 habitus
1183 3535 1280 3587 aunt.

272 3628 508 3712 Temperantia
535 3618 635 3716 igitur
662 3653 735 3694 cum
764 3631 807 3694 sit
828 3633 982 3713 potentia
1003 3630 1140 3698 illicitur
1162 3647 1280 3698 motus

271 3743 462 3807 refrenandi
502 3745 613 3829 ornain
655 3763 738 3826 quae
769 3744 811 3808 ad
844 3742 981 3810 illicitos
1021 3758 1132 3812 mutua
1170 3749 1281 3830 perti·

273 3870 354 3923 nent
382 3857 596 3924 refrenandos
635 3858 679 3922 ad
708 3879 782 3924 eam
817 3857 993 3923 referenda
1022 3879 1098 3925 esse
1130 3860 1281 3926 manife-

273 3982 360 4038 etum
387 3983 455 4054 ert,
495 3981 533 4038 ιιι
560 3972 764 4040 continentia
802 3992 886 4058 quae
919 3969 1105 4057 luxuriam,
1136 3974 1284 4044 οιιιιίιιιι
