2798 4486
994 249 1011 308 r
1092 231 1138 306 ll

139 397 290 495 quicquid
324 397 423 470 nobis
449 377 621 490 ingerunt,
658 393 786 469 debitae
821 397 983 494 imputant
1016 399 1139 477 ultioni.

140 509 316 580 Christiani
338 536 416 582 vero
441 509 532 605 qnia,
559 526 596 580 ut
617 512 724 604 ajunt,
752 521 866 580 eorum
889 510 986 581 deum
1008 505 1140 586 iuterfe-

140 624 254 708 cimus,
276 626 435 719 majorem
458 623 492 692 in
514 645 577 692 nos
600 622 838 718 persecutionis
862 647 995 693 causam
1018 610 1139 698 habere

139 736 294 806 videntur.
346 735 434 805 Ecce
463 734 552 805 inter.
571 735 684 830 quales
708 751 821 806 nostra
849 735 974 813 exsulat
995 735 1139 832 peregri·

136 847 225 918 natio
257 864 291 917 et
320 847 361 916 de
392 873 531 943 quornm
560 847 656 938 nohis
687 865 737 918 est
764 846 946 943 patrocinio
981 842 1140 942 confiten-

136 958 228 1030 dum!
272 957 416 1029 Summis
445 958 582 1028 inimicis
610 961 731 1030 nostris
753 960 1021 1031 vitam-nostram
1050 987 1140 1032 com·

135 1070 300 1156 mittimus,
324 1088 356 1141 et
377 1057 411 1141 in
433 1070 611 1141 infidelium
633 1072 730 1142 iidem
753 1097 815 1143 nos
834 1072 968 1144 credere
983 1072 1142 1167 cogimur.
1246 1119 1255 1130 ν

136 1183 281 1253 Somnus
302 1185 397 1279 ipse,
428 1183 483 1279 qni
506 1182 646 1254 laxatam
675 1183 812 1255 maxime
840 1185 928 1255 fovet
954 1209 994 1255 ac
1015 1201 1143 1257 recreat

102 1315 104 1318 ·
135 1283 306 1381 naturam,
340 1312 431 1367 tanta
459 1321 522 1368 nos
551 1296 711 1392 inquietat
740 1296 973 1382 sollicitudine,
1001 1313 1037 1367 nt
1066 1296 1142 1367 dor·

135 1408 275 1506 mientee
305 1409 402 1478 etiam
430 1434 499 1478 non
528 1407 592 1480 nisi
619 1409 661 1479 de
688 1409 789 1506 juguli
810 1409 914 1480 nostri
935 1409 1080 1505 periculo
1103 1409 1142 1480 li·

135 1536 209 1588 ceat
231 1520 386 1614 cogitare.
430 1517 602 1616 Nusquam
630 1522 694 1594 nisi
717 1522 760 1592 ad
783 1521 909 1592 caelum
932 1538 1020 1592 tutus
1043 1521 1139 1593 nobis

133 1649 226 1728 patet
247 1632 431 1727 ingressus,
462 1633 578 1728 quibus
601 1634 673 1730 ipse
696 1636 792 1705 etiam
815 1633 1025 1706 habitationis
1049 1632 1141 1706 iocus

135 1761 188 1816 est
210 1745 426 1840 periculosus.
463 1745 637 1839 Egressuri
660 1746 701 1817 ad
727 1746 889 1842 quaelibet
903 1747 1051 1844 proxima
1066 1747 1142 1817 loce

59 1865 62 1870 '
93 1938 97 1942 ἢ
134 1857 259 1953 ipsum,
288 1857 330 1927 de
360 1883 426 1954 quo
455 1883 570 1952 parum
596 1859 806 1944 confidimns,
844 1860 1042 1932 conductum
1072 1863 1142 1930 don

134 1970 266 2040 modico
289 1970 393 2066 pretio
417 1969 641 2042 conducimus.
675 1970 846 2067 Principes
868 1971 943 2066 ipsi,
965 1971 1021 2066 qui
1044 1971 1141 2041 nobis

134 2098 295 2178 praesunt
323 2098 355 2152 et
392 2108 529 2178 quornm
566 2082 705 2174 graviter
739 2081 874 2174 eruimus
911 2082 1140 2178 patrocinium,

134 2211 229 2264 tanto
259 2193 396 2290 amplius
426 2205 563 2264 mortem
597 2211 743 2264 nostram
779 2194 982 2279 desiderant,
1019 2211 1141 2292 quanto

89 2393 92 2400 Ι
135 2311 182 2400 (5.
197 2306 255 2401 V.)
277 2307 426 2377 lieentius
445 2328 494 2391 ea,
518 2331 601 2400 quae
617 2307 837 2402 possedimus,
854 2306 1019 2402 arripiunt.
1056 2307 1141 2399 Qui·

133 2420 200 2490 bns
221 2419 318 2490 etiam
338 2419 518 2489 constrictis
543 2435 575 2488 et
594 2419 772 2515 oppressis,
796 2420 891 2515 qnasi
912 2419 948 2488 in
971 2445 1034 2490 nos
1050 2419 1141 2490 soloe

136 2517 344 2624 conjurasset
359 2528 511 2615 mundus,
534 2531 597 2600 hnc
614 2530 722 2626 ipsum
742 2531 887 2602 mirabile
906 2549 965 2618 est,
987 2534 1016 2602 si
1034 2534 1141 2604 vivere

135 2642 224 2728 licet,
250 2668 313 2713 nec
336 2665 433 2736 agros
456 2659 513 2712 aut
533 2642 645 2712 vineas
668 2660 725 2713 eut
747 2659 891 2726 terrenas
914 2643 1039 2740 aliquas
1062 2669 1142 2740 pos·

136 2754 306 2840 sessiones
330 2753 451 2835 hebere
481 2755 684 2856 conceditur,
715 2755 790 2853 quia
818 2772 976 2840 nonest,
1006 2755 1141 2856 quiens

135 2867 235 2937 nobis
257 2867 299 2935 ab
320 2865 529 2937 infestatione
551 2866 723 2938 manifesta
745 2868 797 2938 vel
820 2867 948 2939 occulta
969 2884 1141 2964 protegere

134 2978 256 3074 possit.
306 2977 405 3048 Unde
430 2977 526 3052 nobis
555 2980 729 3077 praecipue
758 2997 908 3076 superest
935 2979 1077 3063 lucrum,
1105 2995 1142 3048 ut

135 3090 330 3184 alienigenis
358 3089 566 3162 foenerantes
601 3091 678 3162 hinc
707 3092 858 3162 miseram
890 3096 1141 3185 susten(t)emus

134 3204 249 3288 vitam,
272 3203 361 3299 quod
383 3195 446 3274 nos
466 3205 596 3300 quidem
619 3203 757 3274 maxime
779 3205 859 3300 ipsis
883 3202 982 3276 efficit
1002 3201 1141 3274 invidio·

135 3339 212 3400 sos,
249 3315 304 3411 qni
333 3316 432 3414 sein
461 3316 525 3387 hoc
552 3316 726 3412 plurimum
755 3316 950 3387 arbitrantur
978 3333 1142 3411 gravatos.

134 3425 193 3496 De
213 3426 275 3496 hac
295 3444 404 3498 autern
422 3429 507 3500 vitae
525 3447 656 3500 nostrae
673 3420 803 3498 miseria
818 3453 956 3514 summa,
975 3444 1008 3499 et
1024 3428 1141 3525 quibus

135 3539 345 3611 incessanter
365 3533 602 3636 periculum(is)
625 3541 827 3626 laboramus,
852 3542 924 3637 ipse
947 3542 1052 3634 magis
1076 3555 1141 3608 sta-

136 3668 193 3721 tus
217 3635 329 3723 noster
352 3655 502 3724 omnibns
524 3654 614 3750 loqui
636 3653 768 3739 sufficit,
798 3678 907 3750 quam·
923 3655 1036 3747 lingua
1065 3677 1142 3747 pos·

135 3762 194 3834 sit.
236 3757 314 3859 Ipsa
337 3791 467 3862 quoqne
489 3765 571 3862 legis
595 3783 784 3861 praecepta,
814 3781 935 3860 quanta
957 3763 1141 3833 difficultate

136 3875 208 3946 sint
229 3875 401 3972 implicita,
430 3877 609 3963 neminem,
639 3879 694 3975 qui
717 3904 789 3946 eam
812 3876 967 3969 attigerit,
990 3876 1084 3960 latet,
1106 3890 1143 3944 ut

78 4037 81 4044 «
135 4004 208 4058 tam
231 3988 400 4060 hominnm
423 3990 653 4085 oppressione,
682 4014 781 4086 quam
808 3991 887 4084 jugo
911 3988 993 4082 legis
1014 3987 1156 4060 intelle--
