2798 4486
96 182 256 305 'o

720 195 732 230 θ

233 399 307 470 linis
331 415 381 470 est
400 397 655 494 disciplinarum,
677 413 710 468 et
727 411 976 493 propterquam
996 410 1105 466 cetera
1125 400 1237 470 omnia
1346 406 1350 417 “

234 511 444 608 praelibanda
472 510 621 604 judicavi.
682 509 747 580 Hic
782 509 822 579 de
851 533 980 577 summo
1006 509 1096 578 bono
1134 526 1166 580 et
1195 512 1236 582 de

218 650 362 695 summo
388 621 476 692 malo
507 638 539 693 et
568 621 608 692 de
631 620 699 706 his,
729 646 812 718 quae
841 619 892 690 vel
914 621 1044 689 beatum
1068 619 1234 692 hominem

235 736 286 807 vel
309 735 462 805 misorum
483 733 621 818 faciunt,
652 734 762 828 quoad
784 732 877 828 potui
903 732 1097 816 instructus,
1125 735 1258 804 statim'

236 847 322 944 apud
352 850 404 917 me
436 846 583 916 diversas
611 846 709 916 etiam
738 845 815 914 fidei
843 860 968 932 sectas,
1002 845 1118 940 quibus
1148 873 1234 917 nunc
1346 928 1348 931 ¹

235 960 377 1030 mundns
402 958 523 1028 divisus
546 974 606 1042 est,
629 957 774 1029 studiose
798 973 957 1062 scrutatus
981 981 1055 1026 sum
1078 973 1110 1027 et
1132 957 1235 1028 omni·

157 1119 160 1129 .
235 1073 295 1142 bus
314 1070 471 1166 inspectis
494 1086 526 1140 et
547 1069 687 1140 invicem
708 1068 850 1154 collatis,
877 1068 959 1145 illud
979 1069 1073 1171 sequi
1093 1068 1236 1152 decrevi,
1279 1053 1280 1056 Ἴ

220 1184 325 1280 1[Ῑιιοά
354 1195 612 1252 consentaneum
641 1181 746 1274 magis
775 1179 817 1251 sit
843 1179 972 1250 rationi.
1023 1179 1156 1251 Contuli
1183 1208 1236 1251 me

236 1297 331 1387 igitur
358 1294 402 1363 ad
422 1294 614 1387 judaeorum
637 1318 768 1388 quoque
792 1308 825 1362 et
847 1292 1096 1364 christianorum
1119 1291 1236 1362 doctri·

236 1432 312 1476 nam
338 1422 601 1501 etutrorumqne
615 1405 727 1482 ¹fidem'
746 1419 778 1472 et
799 1405 889 1498 leges
913 1404 982 1474 sive
1005 1405 1148 1475 rationes
1172 1404 1236 1474 dis·

149 1563 153 1570 ,
236 1519 404 1591 cutientes.
441 1515 597 1611 Comperi
617 1517 756 1611 judaeos
779 1515 907 1601 stultos,
925 1515 1124 1587 'christianos
1147 1517 1235 1586 insa-

237 1658 316 1715 nos,
338 1647 375 1700 ut
398 1656 471 1701 cum
497 1629 586 1700 salva
607 1655 691 1724 pace
714 1645 785 1713 tna,
812 1619 867 1724 qni
890 1627 1083 1698 christianus
1107 1634 1157 1724 (1.
1172 1629 1236 1719 V'.)

234 1745 364 1841 diceris,
383 1743 448 1812 ista
464 1741 590 1840 loquar.
628 1739 761 1812 Contuli
781 1740 837 1810 diu
855 1767 929 1810 cum
949 1741 1105 1838 utrisque,
1127 1758 1160 1812 et
1177 1767 1236 1810 no·

237 1872 322 1925 strae
350 1854 535 1925 collationis
566 1853 773 1924 altercatione
802 1852 951 1923 nondum
980 1853 1078 1922 linem
1107 1852 1236 1947 adepta,

118 2001 119 2004 ¹
197 2007 201 2014 ·
236 1969 375 2064 partium
389 1992 523 2036 suarum
537 1966 723 2066 ratione(s),
743 1983 799 2036 tuo
817 1965 1018 2035 committere
1036 1965 1237 2035 decrevimus

236 2078 380 2149 arbitrio.
425 2078 478 2148 Te
508 2081 629 2175 quippe
658 2105 720 2149 nec
748 2077 1050 2174 philosophicarum
1075 2076 1237 2146 rationum

236 2191 320 2260 vires
342 2217 405 2260 nec
426 2190 594 2286 utriusque
615 2191 697 2283 legis
720 2191 921 2260 munimenta
943 2190 1054 2273 latere,
1075 2188 1235 2261 novimus.

239 2302 426 2370 Christiana
448 2325 590 2392 namque
612 2302 774 2396 professio
798 2303 845 2372 sic
868 2301 1002 2398 propria
1024 2301 1096 2394 lege
1117 2299 1237 2384 nititur,

215 2437 336 2509 »qnam
359 2439 481 2482 novum
503 2414 674 2484 nominant
696 2430 936 2498 testamentum,
958 2430 999 2484 ut
1014 2439 1167 2508 respuere
1189 2429 1237 2481 ta·

237 2551 313 2594 men
342 2549 411 2595 non
434 2526 823 2623 praesumatantiqnum,
857 2542 889 2596 et
914 2528 1083 2622 'utriusque
1105 2525 1238 2594 lectioni

237 2635 411 2737 maximum
429 2638 597 2732 impendat
616 2640 768 2710 studium.
810 2638 965 2734 Aliquem
983 2638 1079 2708 nobis
1097 2637 1237 2732 judicem

130 2767 131 2772 ’
160 2809 162 2816 ,
238 2747 410 2844 oportebat
439 2749 575 2846 eligere,
603 2767 639 2820 nt
658 2751 827 2828 ¹altercatio
850 2768 964 2822 nostra
992 2751 1089 2821 finem
1112 2750 1238 2846 accipe·

167 2868 170 2873 ’
237 2877 303 2944 rot,
334 2886 633 2959 necquemquam‚
661 2863 725 2932 nisi
745 2863 779 2933 in
803 2863 911 2961 aliqua
933 2863 1048 2933 harum
1069 2863 1165 2933 trium
1187 2887 1238 2932 se·

109 3039 122 3049 „
237 2988 361 3042 clarum
382 2975 523 3068 reperire
545 2974 720 3070 potuimus.

323 3085 376 3154 Ac
399 3085 528 3170 deinde,
552 3102 708 3182 tanquam
730 3074 928 3158 adulationis
951 3088 1060 3158 oleum
1081 3086 1238 3170 vendens,
1291 3096 1293 3100 '

238 3211 271 3265 et
291 3213 397 3290 caput
418 3225 527 3268 meum
555 3197 619 3269 hoc
643 3217 810 3294 unguento
832 3198 1034 3289 demulcens
1052 3199 1160 3270 statim
1189 3181 1254 3267 in·-

237 3307 325 3376 tulit:
359 3307 524 3412 „Quanto
547 3311 785 3405 igitur-ingenii
807 3328 840 3382 te
860 3312 1010 3381 acumine
1033 3328 1065 3381 et
1087 3335 1236 3406 quarum-

236 3418 315 3488 libet
334 3421 469 3492 scientia
488 3423 719 3518 scripturarum
736 3423 823 3492 lama
842 3440 892 3494 est
910 3424 1123 3519 praeminere,
1146 3439 1237 3493 tantu

237 3530 376 3627 amplius
399 3532 433 3603 in
452 3533 517 3604 hoc
535 3535 656 3630 judicio
679 3534 821 3607 favendo
842 3536 912 3606 sive
931 3535 1139 3606 defendendo
1159 3562 1237 3606 con·

237 3659 302 3714 stat
323 3643 446 3730 valere,
478 3663 512 3718 et
533 3651 755 3744 cujuscunque
777 3665 924 3720 nostrum
946 3648 1116 3720 rebellioni
1142 3649 1237 3718 satis-

236 3753 344 3825 facere
376 3782 486 3852 posse.
552 3758 656 3850 Quod
684 3788 761 3832 vero
794 3749 917 3856 ingenii
944 3761 991 3832 tui
1019 3761 1062 3832 sit
1088 3785 1237 3842 acumen,

236 3883 395 3962 quantum
417 3869 655 3966 philosophicis
679 3890 712 3943 ot
734 3873 848 3944 divinis
869 3874 1038 3946 sententiis
1062 3869 1237 3941 memoriae

235 3995 309 4050 tuae
332 3980 503 4053 thesaurus
527 3985 688 4070 abundet,
717 4001 845 4081 praeter
868 4001 1026 4056 consueta
1049 3983 1234 4059 scholarum
