2740 4486
1094 275 1148 351 2⁵

146 479 253 550 pptsrn
275 456 469 540 sapientiam
502 473 546 518 ex
566 454 671 536 patris
694 449 900 534 substantia,
930 454 965 520 in
996 440 1061 539 qna
1083 458 1147 528 est,

147 573 252 659 gigni.
299 567 386 634 Tale
409 579 460 632 est
482 589 561 652 ergo
584 568 778 649 sapientiem
800 565 917 633 ludere
931 589 1040 634 corarn
1055 563 1149 648 patre

150 697 184 748 ιι
206 706 276 749 enm
300 685 371 766 ipso
395 693 513 746 ennete
535 701 749 762 componere,
782 701 821 744 ee
851 681 882 744 si
904 681 1024 747 dixerit
1044 682 1150 765 ipsam

56 849 60 857 1
150 801 295 866 divinam
315 803 498 883 potentiam
520 799 631 862 omnia
652 797 716 862 sibi
738 801 771 862 in
794 801 1034 881 saptentiapro
1056 797 1151 862 boni-

150 914 227 978 tatis
250 935 330 978 sune
355 912 492 976 arbitrio
515 903 700 994 disponere,
723 925 760 975 nt
775 913 893 995 inipso
915 911 994 976 ludo
1016 914 1066 990 (in
1083 912 1151 994 spi·

149 1028 229 1107 ritu)
246 1025 404 1090 bonitatis
428 1025 581 1090 affectum
602 1023 842 1111 intelligamus.
885 1024 938 1090 Da
962 1045 1025 1108 qno
1048 1025 1151 1106 aerip-

151 1151 219 1204 tam
231 1150 300 1204 ests
314 1139 484 1220 spiritum)
498 1139 564 1202 oris
580 1141 652 1222 ejus
668 1140 776 1203 omnis
791 1133 895 1203 virtus
908 1157 1032 1202 eornm.
1056 1134 1166 1216 Quot·

150 1271 230 1316 vero
265 1251 317 1315 nit'
343 1251 539 1332 sapientiam
553 1268 679 1316 tenram
699 1241 775 1316 lle'o
804 1264 897 1334 patre
932 1269 1062 1332 semper
1097 1269 1152 1314 as·

152 1367 283 1442 sistere,
307 1361 375 1426 tale
398 1375 460 1438 est,
483 1365 588 1445 ipsam
614 1364 885 1444 omnipotentiam
912 1361 996 1426 nihil
1019 1360 1153 1428 efficere

153 1478 219 1542 nisi
240 1475 452 1560 praebentem
482 1475 644 1538 rationem
679 1487 711 1538 et
742 1474 894 1541 donatum
909 1485 937 1558 ιι
959 1477 1153 1559 sapientiae.

152 1588 237 1654 Item
260 1591 294 1652 in
317 1587 442 1652 eisdem
464 1586 655 1651 Proverbiis
684 1586 725 1651 de
754 1587 825 1654 filio
849 1587 915 1654 Dei
938 1600 971 1652 et
992 1587 1176 1654 ineffabili.

154 1705 286 1768 nomine
322 1701 424 1783 ipsius
460 1721 589 1781 quoqne
622 1698 684 1765 filii
713 1702 995 1766 'manifestissime
1027 1701 1154 1779 scribit,

97 1825 122 1888 1
155 1818 249 1899 qussi
277 1814 435 1880 inducens
461 1835 635 1896 personam
650 1811 833 1897 ‘enjusdam
856 1813 1058 1880 admirabilis
1079 1835 1156 1900 pro-

154 1927 287 2017 phetae,
310 1926 395 1992 hanc
417 1926 674 1992 inenarrabilem
697 1930 944 2013 generationem
957 1918 1165 2022 prophetan-¹
1217 1909 1226 1926 ⁸

157 2045 257 2108 tinet
282 2039 488 2106 admirantis.
531 2040 625 2105 Dicit
647 2042 764 2124 qnippe
786 2043 835 2106 sie
856 2043 964 2120 visio,
989 2062 1085 2125 quarn
1106 2039 1157 2104 lo-

156 2169 249 2224 eutns
272 2168 323 2220 est
345 2157 412 2234 vir,
436 2175 508 2220 oum
530 2177 594 2238 quo
618 2167 671 2220 ast
691 2155 784 2221 Dens
807 2169 841 2220 et
870 2158 925 2240 qui
946 2154 1021 2220 Deo
1046 2175 1159 2220 ιιιιιιιι

156 2283 304 2366 morante
327 2270 530 2336 confortatus
553 2271 617 2336 ait:
653 2272 738 2354 Quis
760 2272 935 2336 suscitavit
956 2290 1069 2335 omnes
1090 2279 1158 2332 tet·
1215 2241 1225 2258 ⁸

48 2391 52 2395 ’
158 2385 266 2451 ιιιὶιιοι
288 2396 415 2463 terrae,
446 2385 532 2468 quod
555 2406 674 2454 noman
695 2387 770 2468 ejus
793 2397 826 2448 et
848 2385 934 2468 qnod
956 2405 1075 2448 nomen
1097 2379 1161 2445 filii

158 2499 253 2584 ejus?
298 2495 405 2573 Quam
426 2496 554 2594 firmam
577 2509 611 2560 et
632 2519 728 2580 quam
751 2511 898 2580 apertum
924 2497 1003 2562 fidei
1025 2509 1158 2563 nostrae

159 2614 380 2680 testimoninm
402 2613 435 2680 in
460 2610 689 2678 eeclesiastico
705 2613 860 2690 occurrit,
882 2610 1087 2694 nbi‘quidem
1105 2631 1159 2674 se-

158 2727 283 2809 pientia
296 2723 364 2789 Dei
386 2735 419 2786 et
441 2744 479 2788 se
499 2725 749 2808 primogenitem
771 2735 848 2788 ante
872 2708 982 2796 omnia
1004 2725 1084 2788 dicit
1100 2731 1160 2787 'se-

160 2838 299 2905 eundum
321 2837 501 2902 divinitatis
532 2849 680 2902 naturam
711 2849 745 2902 et
764 2849 841 2921 post
863 2838 994 2924 rpodum
1016 2849 1161 2904 creatam
1268 2916 1271 2920 ⁴

61 2987 64 2995 ·
160 2951 339 3019 seeundum
374 2961 506 3014 nostrae
536 2963 672 3014 naturae
707 2954 961 3032 assumtionem,
995 2956 1162 3036 cumipse

159 3065 317 3132 videlieet
341 3064 382 3128 ad
403 3064 573 3146 imperium
595 3064 698 3146 petris
728 3086 787 3148 per
808 3063 1045 3132 incarnationis
1066 3062 1165 3132 habi·

161 3191 228 3244 tum
253 3180 440 3244 visitaverit
459 3175 580 3242 lsrael.
625 3177 790 3259 Scriptum
812 3183 928 3262 quippe
951 3192 1004 3244 est
1024 3178 1084 3261 ibi,
1107 3202 1168 3250 sn·⁴

160 3294 286 3377 pientia
309 3290 489 3356 electorum
516 3293 550 3354 in
580 3279 787 3358 multitudine
820 3292 955 3359 habebit
976 3292 1107 3360 laudern
1129 3306 1164 3358 et

159 3409 247 3471 inter
269 3403 461 3472 benedictos
484 3404 697 3470 benedicetur
718 3406 847 3472 dicens:
880 3428 943 3493 ego
965 3427 1010 3472 ex
1031 3429 1090 3471 ore
1112 3406 1162 3480 al·
1210 3469 1217 3478 ,

161 3521 280 3585 tissimi
301 3518 407 3601 prodii
414 3565 435 3599 ,.
452 3521 678 3607 primogenita
709 3532 786 3586 ante
814 3541 945 3586 omnem
965 3533 1162 3598 creaturam,

162 3653 225 3720 ego
247 3637 282 3698 in
305 3631 408 3698 coelis
435 3633 502 3700 feni
523 3646 560 3698 nt
592 3637 732 3700 oriretur
759 3634 872 3702 lumen
892 3635 1106 3714 indeficiens,
1129 3646 1166 3698 ιι

132 3747 135 3756 “
161 3749 248 3813 sient
262 3745 393 3812 nabala
414 3751 484 3814 texi
507 3769 636 3815 omnem
662 3762 796 3816 terram.
841 3750 914 3836 Ego
934 3751 969 3813 in
991 3745 1164 3813 altissimis

100 3947 112 3964 l
161 3858 275 3926 habito
310 3873 344 3925 et
372 3859 512 3930 thronus
534 3885 627 3930 meus
656 3867 691 3932 in
713 3863 866 3932 columna
886 3861 995 3928 nutis.
1039 3858 1169 3945 Gyrnm·

156 3970 248 4040 'eneti
270 3973 405 4042 circuiri
437 3973 513 4071 sola
535 3987 569 4058 et
590 3989 742 4058 caetera,
777 3989 906 4064 etpost
926 3994 1051 4060 pantos
1086 3982 1164 4046 ium
