2798 4486
287 220 335 299 70

289 391 409 477 serens,
431 415 493 462 uec
507 391 614 462 bonus
629 387 787 474 videlicet,
808 413 871 459 uec
884 386 989 458 malus
1012 397 1082 479 (33.
1096 391 1156 486 V.)
1179 392 1288 465 dicen·
1341 375 1344 380 ⁵

292 509 354 574 dus
378 519 437 574 est
476 500 660 586 Secundus,
682 501 709 572 si
724 502 766 572 ad
781 500 913 571 virtutes
929 505 1156 589 conscenderit
1170 508 1289 595 bonus,

293 611 323 684 si
344 615 388 684 ad
409 615 485 685 vitia
507 614 711 685 descenderit
737 598 854 683 malus.
898 611 954 682 Sic
977 616 1073 685 etiam
1095 619 1203 689 futura
1224 622 1289 692 vita

294 742 379 798 tres
406 726 504 797 babet
531 743 651 798 statusz
694 726 807 795 Unum
836 725 965 821 quidem
989 729 1080 823 quasi
1102 731 1288 804 indiffereu·
1392 731 1393 784 i

294 855 370 924 tem,
393 865 455 910 nec
475 839 606 910 beatum
627 839 757 935 proprie
780 839 840 908 sed
862 864 923 908 nec
944 841 1107 926 miserum,
1130 845 1186 941 qui
1203 847 1289 916 vide-

295 949 372 1020 licet
390 977 503 1023 eorum
524 969 583 1036 est,
605 979 743 1048 quorum
763 951 860 1022 etiam
882 951 915 1020 in
932 952 994 1022 hac
1010 954 1074 1024 vita
1089 953 1290 1043 indifferens,

258 1148 260 1154 ‚
295 1078 333 1133 ut
352 1062 497 1148 diximus,
520 1079 623 1134 status
642 1064 758 1134 exstitit
775 1064 937 1148 omuibus,
954 1065 1103 1136 videlicet
1121 1065 1291 1158 destitutus

247 1165 249 1172 ’
295 1173 429 1258 meritis,
450 1176 597 1245 nondum
620 1177 756 1246 excitata
777 1175 917 1266 bominis
938 1179 1074 1264 ratione,
1096 1179 1193 1249 alium
1215 1211 1292 1254 vero

177 1305 203 1386 J
242 1310 245 1316 ‘
296 1310 358 1381 pro
381 1287 504 1357 meritis
526 1288 684 1382 optimum
708 1304 740 1357 et
756 1286 854 1356 alium
870 1288 1058 1381 pessimum.
1097 1292 1169 1362 Hos
1186 1312 1293 1364 autem

299 1397 383 1467 duos
412 1400 655 1495 comparatione
678 1399 817 1469 duorum
839 1398 975 1469 aliorum
997 1405 1178 1497 praesentis
1200 1407 1294 1493 vitae,

301 1510 358 1604 qui
384 1535 442 1583 cos
470 1529 712 1616 promerentur,
740 1537 903 1581 summum
930 1513 1053 1583 bouum
1081 1531 1112 1584 et
1134 1541 1294 1588 summum

298 1619 422 1736 'malum¹
451 1623 514 1694 dici
542 1624 695 1709 arbitror,
725 1650 764 1694 eo
789 1624 877 1720 quod
899 1624 978 1695 nibil
1001 1627 1200 1697 adversivel
1221 1656 1296 1723 pro·

301 1735 388 1830 speri
411 1735 457 1805 eis
480 1735 522 1806 sit
549 1737 742 1823 admixtum,
771 1761 844 1807 cum
871 1736 952 1808 alios
976 1738 1060 1808 duos
1082 1740 1198 1810 talibus
1222 1768 1297 1810 cou-

276 1863 279 1870 '
303 1863 366 1916 stet
388 1873 461 1918 esse
483 1850 669 1944 permixtus,
690 1865 727 1918 ut
748 1875 810 1921 nec
832 1849 911 1920 boni
933 1875 995 1920 nec
1018 1851 1093 1920 mali
1115 1853 1235 1947 paritas
1249 1854 1297 1921 iu-

300 1975 343 2029 srt
364 1958 423 2030 eis.
760 2041 764 2050 ‚

391 2069 613 2147 Christian.
665 2073 751 2145 Ecce
781 2073 961 2144 secuudum
985 2073 1022 2144 'te
1051 2098 1213 2144 summum
1241 2077 1300 2146 bo-

301 2208 381 2254 nurn
403 2183 459 2254 illa
481 2209 644 2282 supernae
665 2188 750 2258 vitae
774 2188 865 2283 quies
887 2184 1098 2279 intelligenda
1123 2205 1188 2274 est,
1217 2189 1302 2268 sicut

304 2320 323 2364 c
353 2297 515 2366 contrario
545 2305 707 2369 summum
733 2299 856 2368 malum
877 2297 932 2366 illa
954 2296 1112 2369 malorum
1135 2299 1302 2368 damnatio

288 2403 419 2479 ¹sutura.
465 2406 618 2496 Quorum
646 2427 836 2506 utrumque,
863 2409 944 2480 sicut
966 2410 1137 2479 meministi
1158 2411 1220 2506 ipsi
1242 2437 1303 2480 no·

304 2519 378 2588 stris
401 2518 602 2614 adquirimus
617 2521 749 2605 meritis,
769 2527 831 2617 'per
846 2547 929 2618 quae
944 2522 1103 2608 videlicet,
1127 2523 1220 2617 quasi
1235 2521 1303 2619 qui·

303 2629 442 2700 busdam
464 2633 534 2718 viis,
554 2633 631 2704 illuc
653 2633 871 2730 pervenitur·
1325 2626 1328 2630 Δ

392 2744 546 2818 Philus.
578 2749 627 2816 Ita
641 2747 777 2817 aestimo
795 2764 827 2817 et
836 2747 969 2842 planum
982 2763 1042 2816 est.
1065 2743 1168 2818 ¹Nulla
1184 2746 1305 2843 quippe

304 2857 367 2944 bis,
392 2859 449 2955 qui
470 2860 652 2929 naturalem
674 2859 910 2955 amplectantur
931 2858 1047 2951 legem,
1070 2859 1305 2935 sententiazfir·

305 2971 400 3044 mior„
416 2972 568 3056 babetur,
597 2997 697 3067 quam
718 2987 754 3041 ut
775 2973 875 3041 virtus
898 2972 940 3041 ad
962 2971 1196 3041 beatitudinem
1218 2971 1306 3040 suffi-

306 3085 369 3154 ciat
391 3101 424 3156 et
447 3085 536 3182 quod
558 3084 649 3155 solae
670 3084 793 3154 saciant
814 3086 945 3154 virtutes
968 3085 1110 3167 beatum,
1132 3072 1221 3150 nulla
1244 3082 1308 3150 alia

306 3201 479 3296 quisquam
507 3197 559 3266 via
585 3197 649 3268 boc
671 3223 793 3268 nomen
815 3196 1013 3292 adipiscitur.
1057 3195 1113 3264 Sic
1137 3221 1154 3264 e
1179 3211 1307 3264 contra·

306 3311 356 3382 rio
379 3311 502 3380 nullum
530 3337 604 3380 vere
626 3311 798 3393 miserum,
826 3308 888 3379 nisi
910 3335 950 3378 ex
971 3309 1055 3378 vitiis
1076 3307 1145 3408 fieri
1168 3321 1308 3376 constat.

307 3423 407 3493 Unde
431 3423 515 3493 sicut
535 3422 606 3491 ilias
631 3422 673 3491 ad
690 3448 852 3491 summum
866 3421 1000 3504 bonum,
1023 3420 1070 3489 sic
1087 3419 1129 3487 ad
1146 3443 1309 3488 summum

308 3535 430 3605 malum
453 3536 513 3604 bas
535 3533 701 3624 pesse'vias
725 3549 863 3604 constat.

400 3645 622 3717 Christian.
657 3644 826 3734 Quoniam
840 3671 929 3714 nunc
945 3643 1144 3740 aliquantum
1161 3640 1204 3708 ad
1222 3664 1309 3707 sum-

296 3787 400 3829 ·mnm
427 3758 571 3828 bominis
593 3759 718 3839 bonum
740 3759 821 3826 sicut
845 3757 939 3838 etad
963 3780 1126 3825 summum
1148 3755 1218 3846 ejus
1242 3775 1310 3818 ma-

269 3911 271 3918 ·
311 3872 378 3940 lum
402 3870 582 3940 accessisse
605 3870 722 3940 videris
738 3851 777 3938 ⁵et
800 3895 913 3938 eorum
934 3856 1068 3961 insuper
1085 3866 1153 3935 vias
1169 3844 1311 3956 attigisti,

311 3984 391 4054 libet
411 3982 579 4079 paululum
602 3977 822 4077 objectionum
845 3965 1022 4052 vestrarum
1039 3980 1184 4048 habenas
1203 3973 1311 4046 cursui
