2806 4492
1059 277 1182 348 xxsx

7 553 8 568 q
119 521 125 532 2
180 469 260 557 eet,
288 451 529 564 simulatque
559 445 869 562 Theologorum
888 453 1183 540 Oxeniensium

180 601 323 712 aliquis
364 600 492 680 otium
532 625 652 680 suum
687 598 964 710 theologicum
994 599 1047 681 ad
1075 596 1184 684 hane
1248 703 1251 710 μ

180 775 271 829 rem
298 741 594 878 dijudicandam
623 745 819 829 adhibere
857 746 978 848 velit,
1021 744 1063 826 id
1091 747 1183 846 fieri

210 907 329 975 otest.

180 923 206 1006 P
286 1040 457 1118 vInterea
471 1035 578 1117 liber
593 1036 711 1118 nobis
741 1036 838 1116 satis
866 1051 1099 1119 memoratu
1126 1038 1183 1152 aliq
1251 1081 1254 1090 ·

35 1253 37 1257 Α
181 1213 287 1294 gnus
311 1209 403 1266 esse
425 1171 655 1285 uidebatur,
680 1183 747 1293 qui
767 1182 809 1261 in
826 1183 962 1263 lueem
977 1178 1186 1291 proferre·
1253 1284 1270 1314 ἱ

171 1344 260 1410 tur.
288 1324 454 1410 Etenim
467 1343 713 1440 praetereas
727 1347 883 1429 caussa·
899 1329 1044 1440 quibus
1058 1328 1183 1439 quod·
1204 1345 1206 1352 ’

177 1474 242 1557 vis
280 1475 529 1585 antiquitatis
566 1490 878 1586 monumentum
915 1476 1182 1558 veneratione

178 1622 468 1732 prosequimur
506 1636 547 1702 et
583 1622 811 1703 eommunis
855 1619 956 1732 juris
996 1619 1183 1724 facimus,

179 1764 282 1848 aliae
307 1794 469 1879 quoque
498 1795 573 1849 nos
600 1766 860 1877 instigarunt.
908 1765 1072 1852 Scilicet
1093 1795 1183 1877 spe·

32 1946 53 2009 χ
178 1913 360 1995 ravimus
381 1914 518 2023 primo
549 1915 638 1994 loco
663 1943 775 2017 sane,
797 1929 843 1996 ut
860 1916 965 1996 liber
986 1912 1182 1996 historiae

179 2059 433 2171 dogmatum,
450 2063 669 2171 praecipue
681 2059 873 2141 historiae
884 2059 1184 2169 Soteriologiae

178 2207 389 2290 etEthiees
407 2235 485 2316 per
500 2208 700 2319 priorem,
732 2233 856 2317 quam
875 2206 1027 2308 dieunt,
1051 2205 1181 2292 seho-

178 2352 388 2466 lastieismi
411 2354 641 2464 periodum,
661 2354 929 2455 enarrandae,
946 2349 1182 2463 adjumento

61 2494 65 2500 ’
178 2505 269 2581 esse
296 2514 417 2610 atque
451 2501 664 2583 meliorem
685 2501 735 2584 de
758 2529 807 2620 eo
824 2513 1050 2601 momento,
1073 2499 1183 2610 quod

180 2645 434 2767 Abaelarslus
446 2646 489 2726 in
501 2640 710 2758 theologia
717 2647 828 2730 Petri
837 2646 1060 2728 Lombardi
1074 2672 1184 2757 οοιιι·ι

212 2838 216 2847 a

343 2883 349 2900 Ι

212 2995 215 3000 ’
260 2975 498 3042 Universitatis
522 2978 726 3070 Oxoniensis
748 2981 792 3049 Ν.
814 2989 877 3050 458
906 2984 940 3050 in
963 2983 1049 3050 Mas.
1074 2983 1182 3054 codd.

81 3069 88 3092 ⁸
230 3088 408 3178 -Collegii
441 3089 645 3160 Balislensis¹
677 3093 719 3158 R.
742 3099 775 3160 5.
796 3095 837 3160 Ρ.
857 3095 1038 3164 Abaelardi
1068 3098 1184 3166 'l'heu-

112 3191 121 3202 ’
259 3200 371 3288 logias
404 3203 481 3269 libri
516 3216 603 3285 tres,
638 3227 775 3291 quorum
804 3211 920 3274 tertius
950 3211 1082 3298 intpger
1115 3226 1179 3294 est,

262 3335 328 3382 non
358 3327 395 3380 ut
420 3318 455 3382 in
483 3318 653 3401 impressis
682 3319 817 3386 mutilus
839 3334 874 3386 et
893 3323 1117 3406 imperfectus.
1138 3360 1183 3378 -

260 3425 300 3492 ln
323 3425 546 3495 Bibliotheeis
569 3429 703 3496 Galliae
732 3433 920 3519 hujusmodi
952 3437 1083 3504 codices
1103 3459 1180 3523 per·

190 3614 193 3621 ¹
261 3538 341 3604 festi
362 3561 428 3605 non
455 3541 560 3607 luisse
582 3543 745 3610 videntur.
788 3543 849 3612 Ait
871 3549 958 3613 enirn
981 3547 1181 3632 Martenius,

260 3654 294 3716 in
317 3650 408 3716 obss.
431 3656 577 3736 praeviis
600 3657 643 3722 ad
663 3655 784 3723 Abael.
809 3645 932 3724 Theolss
956 3660 1181 3730 Christianam

198 3827 200 3834 ,
257 3763 466 3844 (Thesaurus
488 3787 521 3832 n.
536 3764 664 3834 Aueed.
686 3768 729 3835 Τ.
745 3768 787 3837 V.
809 3775 974 3854 p.1148):
997 3772 1180 3840 Abaelardi
1246 3770 1254 3797 ¹

257 3875 461 3944 Introductis
483 3879 602 3947 mutila
623 3894 677 3948 est
696 3883 731 3950 in
763 3881 883 3966 editis,
915 3905 978 3951 uec
997 3885 1181 3970 perlectam
1295 3877 1300 3890 ’

258 3990 444 4060 invenimus
464 3996 500 4058 in
521 3995 765 4079 manuscriptis.
1057 3998 1061 4006 ’
