2798 4486
1092 273 1150 391 17Ι

132 435 242 520 nobis,
266 433 426 506 dieesei:
465 433 557 504 Servi
580 451 708 506 eramus
732 437 916 507 Pharaonis
939 439 973 510 in
996 441 1138 547 Egypto‚

134 566 167 620 et
191 549 300 618 eduxit
322 573 384 617 nos
408 547 559 617 dominus
582 549 623 617 de
646 548 775 645 Egypto
799 551 833 620 iu
856 578 955 621 manu
978 554 1068 638 forti,
1092 555 1138 624 f·

134 662 243 756 citque
273 659 383 753 signa,
418 659 568 756 prodigia
598 677 695 758 atque
725 683 845 754 magua
874 680 906 733 et
934 667 1075 759 pessima
1104 669 1138 737 iu

134 773 264 868 Egypto
296 757 640 843 coutra'Pharaouem
673 789 705 842 et
734 799 864 843 omnem
895 775 1026 846 domum
1053 779 1138 852 illius

134 885 169 954 in
193 900 371 978 conspectu
395 899 523 966 nostro,
551 900 583 953 et
606 881 714 953 eduxit
736 913 797 955 nes
821 888 913 971 inde,
937 905 972 957 ut
992 890 1138 961 introdu-

135 999 194 1084 ctis
219 998 312 1066 daret
335 1012 467 1079 terram,
495 1021 595 1091 super
616 1022 680 1092 qua
702 999 817 1092 juravit
840 1002 984 1093 patribus
1008 1005 1137 1076 nostris.

132 1108 371 1203 Praecepitque
393 1107 489 1175 nobis
513 1107 674 1191 dominus,
697 1109 905 1180 etfaciamus
930 1115 1040 1182 omnia
1060 1116 1138 1209 legi·

135 1221 216 1290 tima
243 1221 325 1314 huuc
356 1235 387 1288 et
417 1220 588 1288 timeamus
619 1220 786 1290 dominum
816 1223 913 1292 deum
936 1242 1083 1296 nostrum
1107 1245 1139 1299 et

135 1332 217 1420 (solt
238 1341 269 1406 8.
292 1331 356 1420 R.)
386 1331 469 1400 bene
503 1330 544 1400 sit
565 1331 660 1400 uobis
684 1336 809 1402 cunctis
834 1335 948 1405 diebus
972 1339 1055 1409 vitae
1079 1367 1138 1409 no·

127 1462 235 1540 utrae,
255 1443 336 1512 sieut
351 1459 400 1512 est
419 1441 526 1516 hodie.
558 1443 639 1512 Item
658 1453 704 1532 ¹):
719 1460 750 1514 te
772 1445 868 1540 elegit
885 1447 1037 1522 dominus
1057 1451 1137 1521 deus

135 1573 223 1640 tuuS,
242 1572 277 1624 ut
293 1554 335 1624 sis
356 1553 384 1622 ei
405 1554 546 1649 populus
566 1555 781 1650 peculial(i·)is
803 1558 842 1628 de
865 1561 987 1630 cunctis
1007 1563 1137 1658 pupulis

137 1669 193 1765 qui
221 1685 298 1738 suut
326 1691 427 1761 supra
455 1684 584 1737 terram.
630 1666 769 1769 Custodi
799 1697 876 1763 ergo
904 1691 1079 1769 praecepta
1107 1691 1139 1745 et

117 1779 329 1851 'cerimonias
353 1794 450 1873 utque
472 1780 603 1872 judicia,
627 1806 710 1876 quae
734 1808 795 1875 ego
819 1784 941 1854 mando
964 1784 1020 1854 tibi
1040 1787 1138 1858 hodie

140 1909 178 1960 ut
198 1893 306 1962 iacias.
353 1889 389 1958 Si
412 1891 604 1961 custodieris
628 1919 668 1962 ea
696 1908 728 1962 et
755 1894 886 1977 feceris,
917 1898 1077 1978 custodiet
1107 1917 1139 1970 et

141 2004 289 2074 dominus
305 2004 387 2072 deus
405 2018 479 2072 tuus
495 2003 553 2072 tibi
566 1993 745 2098 pactum'et
758 2004 1023 2092 misericordiam,
1041 2036 1139 2105 quam

138 2117 253 2212 juravit
267 2115 412 2211 patribus
431 2115 506 2200 tuis,
529 2131 561 2185 et
580 2115 692 2210 diliget
713 2132 744 2187 te
768 2141 807 2186 ac
826 2116 1060 2212 multiplicabit,
1083 2122 1138 2192 be·

138 2229 333 2322 nedicetque
361 2227 479 2298 fructui
506 2229 625 2296 ventris
655 2228 716 2312 tui,
745 2245 777 2298 et
798 2229 916 2298 fructui
938 2245 1041 2302 terrae
1064 2250 1138 2304 tuae

136 2339 299 2410 [iumento
320 2356 422 2436 'atque
444 2333 642 2424 vindemient,
672 2339 746 2411 oIeo
780 2357 811 2411 et
833 2343 1004 2428 armentis,
1034 2349 1138 2440 gregi·

136 2453 196 2522 bus
222 2453 330 2523 ovium
353 2467 480 2537 tuarum
504 2478 602 2547 super
625 2469 741 2522 terrum
763 2480 824 2548 pro
848 2480 913 2549 qua
934 2457 1052 2548 juravit
1080 2484 1138 2553 pa-

136 2565 238 2634 tribus
263 2564 326 2634 tuis
349 2581 385 2634 ut
407 2565 499 2635 daret
521 2590 593 2634 eum
621 2565 688 2635 tibi.
733 2565 933 2638 Benedictus
964 2568 1027 2638 eris
1055 2569 1140 2640 iuter

137 2701 252 2762 omues
288 2675 448 2771 populos,
483 2676 606 2747 scilieet
640 2700 709 2746 uon
745 2678 805 2758 erit
839 2679 927 2773 apud
962 2695 993 2749 te
1023 2682 1138 2769 sterilis

137 2789 303 2884 utriusque
328 2814 423 2858 sexus
447 2805 513 2859 tam
535 2790 570 2858 in
594 2789 779 2860 hominibus
804 2817 904 2887 quam
925 2791 959 2860 in
988 2793 1138 2886 gregibus

137 2900 212 2969 tuis.
257 2901 393 2970 Auferet
415 2927 434 2971 a
457 2918 488 2972 te
513 2929 647 2986 omnem*
666 2901 857 2995 languorem
881 2918 913 2973 et
940 2903 1139 2992 infirmitates

137 3012 255 3107 Egypti
273 3014 462 3108 pessimus,
493 3039 573 3108 quas
604 3040 672 3084 non
695 3015 811 3083 inferet
832 3014 905 3099 tibi,
934 3015 993 3084 sed
1017 3018 1140 3102 cunctis

137 3123 287 3194 hostibus
317 3126 389 3198 tuis.
434 3124 616 3196 Devorabis
641 3137 756 3217 omues
779 3125 944 3220 populus,¹
970 3126 1052 3221 quos
1077 3129 1139 3198 du·
1168 3173 1174 3176 -

136 3235 245 3306 minus
274 3235 356 3306 deus
386 3253 461 3307 tuus
483 3237 624 3328 ¹‹Iae‘iturus
655 3253 705 3305 est
733 3237 821 3307 tibi.“
866 3237 909 3306 Et
937 3265 1065 3310 rursum
1090 3249 1139 3333 ²)=

137 3347 265 3432 „Dabit
284 3349 427 3444 pluviam
451 3367 554 3419 terrae
573 3363 705 3417 nostrae
729 3364 973 3445 temporaneum
999 3368 1033 3421 et
1049 3378 1140 3424 sero·

137 3460 254 3545 tinum,
284 3477 321 3529 ut
350 3460 507 3554 colligatis
530 3459 709 3544 frumenta,
737 3461 848 3532 vinum
878 3478 909 3533 et
935 3462 1062 3546 uiuum,
1090 3463 1138 3534 fe·

136 3599 216 3640 num
240 3599 278 3641 ex
302 3572 400 3664 agris,
422 3572 466 3644 ud
487 3571 655 3666 pascenda
677 3577 832 3666 jumenta,
856 3591 888 3644 et
909 3590 945 3643 ut
965 3573 1027 3670 ipsi
1051 3601 1139 3645 com·

138 3682 242 3753 edatis
267 3699 299 3752 et
321 3682 517 3758 saturemini.
561 3683 771 3779 Venieutque
795 3711 894 3779 super
915 3686 1139 3756 te'uuiversae
1198 3685 1199 3688 '

136 3794 383 3865 benedictiones
412 3796 494 3865 istae
514 3801 564 3880 ³),
599 3811 632 3868 et
659 3797 907 3893 apprehendent
933 3812 984 3884 te,
1009 3795 1043 3868 ui
1068 3813 1139 3868 tau·

137 3913 340 3927 -u

154 3963 189 4036 l)
206 3963 287 4020 Deut
305 3961 362 4020 Vll.

153 4049 188 4121 2)
206 4049 286 4106 Deut.
304 4049 356 4117 xl,
377 4052 416 4109 14.
435 4068 493 4129 sqq.
836 4049 843 4088 ¹.
968 4051 977 4086 :
1008 4079 1010 4086 .

153 4135 188 4205 3)
206 4133 224 4192 I
243 4155 265 4195 e.
283 4129 405 4196 XXVIII.
920 4137 942 4198 2
