2774 4486
113 995 229 1115 Quam
245 1026 377 1104 difficile
390 1028 431 1092 sit
443 1038 538 1114 atqua
553 1027 706 1104 arduum,
723 1027 764 1092 de
778 1026 980 1105 bominibus,
992 1028 1048 1115 qui
1063 1029 1194 1116 pridem

13 1159 15 1166 ’
109 1131 312 1210 deruerunt,
333 1129 494 1195 iudicium
512 1128 621 1209 ferre,
636 1129 722 1216 qood
738 1129 893 1195 omnibus
904 1130 1025 1195 iustum
1043 1131 1196 1200 videatur

110 1243 202 1318 atque
214 1235 345 1319 placeat,
361 1243 410 1298 sat
424 1233 527 1297 multa
543 1231 662 1296 docent
678 1231 829 1298 virorum
844 1232 930 1297 {ama
943 1232 1193 1302 notissimorum

108 1334 252 1416 nomina,
270 1335 311 1399 de
325 1335 527 1422 quibusquid
542 1335 751 1401 statuendum
760 1334 812 1413 sit,
827 1334 1192 1403 subindiceetiamnum

109 1437 146 1502 lis
170 1447 225 1501 est.
268 1437 321 1502 De
343 1459 382 1500 co
404 1437 494 1502 enim
517 1437 741 1501 interamnae
771 1438 942 1526 convenit,
970 1437 1094 1502 nuliam
1127 1461 1193 1504 un·

107 1561 205 1624 quarn
221 1551 359 1606 aetatem
376 1541 473 1604 tantis
488 1539 638 1604 obrutam
656 1538 754 1603 {uisse
769 1539 927 1618 tenebris,
958 1550 995 1603 ut
1007 1541 1074 1606 auis
1090 1541 1191 1610 lumi-

107 1643 202 1706 nibus
217 1665 353 1729 prorsus
369 1653 497 1706 careret
511 1653 607 1726 atque
618 1664 655 1705 ea
669 1639 751 1704 adeo
765 1641 904 1718 saecula,
920 1661 1063 1726 quorum
1077 1646 1193 1728 genius

109 1745 231 1810 mirum
245 1755 403 1830 quantum
419 1743 460 1808 ab
473 1743 678 1808 humanitate
691 1743 863 1807 recessisse
877 1743 1040 1822 videatur,
1061 1748 1194 1832 ingenia

106 1847 217 1910 tulisse
232 1847 449 1932 hominesque
465 1845 660 1916 eruditionis
681 1842 929 1930 sagacitatisque
944 1845 1043 1912 laude
1057 1851 1191 1937 conspi-

107 1971 193 2012 cuos.
237 1948 326 2012 Hinc
341 1948 436 2013 multi
453 1947 585 2033 quidem
602 1959 694 2026 sont,
717 1969 799 2032 quos
819 1967 935 2012 omnes
958 1947 1092 2016 laudent
1106 1973 1193 2037 quo-1

104 2072 247 2134 rumque
271 2051 468 2138 praestantia
488 2048 698 2136 comprobari
723 2049 849 2126 dicant,
875 2071 949 2114 eam
968 2072 1037 2114 esse
1053 2051 1192 2119 bomani
1269 2083 1273 2092 ·

105 2151 208 2217 animi
223 2151 367 2216 innatam
387 2153 455 2217 vim
472 2163 569 2236 atque
586 2153 761 2225 virtutem,
784 2161 819 2214 ut
840 2171 901 2244 per
923 2163 1075 2217 externas
1094 2155 1193 2220 vicis-

10 2269 11 2276 ’
35 2333 36 2338 ¹
103 2255 263 2320 situdines
286 2253 421 2318 excitari
443 2255 589 2338 quidem·
606 2264 702 2338 atque
724 2252 769 2317 ati
797 2273 905 2339 neque
926 2275 1008 2318 vero
1028 2257 1192 2343 compesci

105 2359 161 2426 vel
177 2357 337 2442 exstingui
353 2359 460 2442 queat.
503 2355 553 2420 At
567 2375 648 2419 vero
662 2353 751 2418 haud
769 2353 908 2438 exiguus
929 2375 1200 2445 eorumquoque

104 2481 264 2526 numerus
290 2469 353 2536 est,
391 2455 508 2543 quibus
532 2479 574 2521 an
602 2458 715 2544 patrna.
744 2455 853 2541 aliqua
878 2455 987 2522 danda
1011 2457 1070 2536 ait,
1101 2460 1193 2526 haud

10 2584 13 2590 ’
104 2561 318 2625 mediocriter
337 2559 530 2644 ambigitur,
561 2581 667 2642 neque
689 2581 767 2622 raro
787 2557 921 2636 accidit,
948 2569 1000 2633 ut,
1023 2581 1103 2645 quos
1124 2569 1192 2644 nod

105 2661 342 2727 contemnendi
356 2662 472 2726 arbitri
490 2663 523 2725 in
540 2683 738 2747 magnorum
755 2661 904 2724 virorum
925 2661 1072 2747 catalogo
1092 2685 1194 2752 repo-

106 2774 208 2836 nunt,
230 2762 285 2825 alii
302 2783 404 2844 aeque
420 2763 575 2826 audiendi
599 2762 822 2848 proscribant,
845 2761 897 2826 vel
921 2761 979 2846 qui
1001 2762 1051 2828 his
1069 2768 1192 2853 egregii

106 2867 281 2942 videntur,
313 2862 378 2926 iltis
399 2863 507 2925 minus
530 2862 751 2927 commendati
773 2863 847 2928 sint.
898 2863 940 2928 Et
966 2863 1030 2928 hoc
1057 2867 1191 2951 quidem

105 2968 232 3034 mirum
243 2964 366 3030 habere
382 2963 612 3049 vixquendam
627 2977 739 3052 potest,
752 2986 855 3055 quum
869 2976 1006 3040 constet,
1022 2968 1193 3051 quosdam,

105 3092 250 3156 quorum
266 3091 387 3132 nomen
406 3067 599 3138 innotuerit,
616 3065 681 3128 iarn
696 3067 737 3129 ab
750 3066 939 3154 aequalibus
954 3066 1022 3132 suis
1036 3067 1103 3132 odii
1119 3071 1193 3156 pius

104 3183 138 3237 et
155 3171 394 3244 calamitatum,
424 3189 522 3252 quam
545 3169 678 3254 plausus
698 3167 993 3254 admirationisque
1008 3181 1197 3255 reportasse

103 3287 201 3360 atque
224 3272 341 3350 abiis,
370 3270 426 3356 qui
451 3269 540 3337 illius
564 3268 723 3356 temporis
741 3269 911 3335 historiam
927 3271 1195 3358 conscripserint,

105 3399 173 3438 non
191 3373 371 3438 admodum
388 3371 524 3438 laudari.
568 3373 639 3436 Iam
657 3395 737 3437 vero
749 3384 840 3451 aunt,
862 3372 919 3460 qui
940 3373 1079 3440 istorum
1101 3397 1192 3442 men·

105 3488 172 3540 tem
198 3486 294 3558 atque
319 3477 522 3540 narrationes
545 3473 656 3560 magni
682 3472 847 3540 iaciendas
868 3497 937 3540 essa
958 3487 1096 3562 negent3
1126 3499 1193 3565 quo

105 3577 197 3642 enim
211 3575 285 3661 quis
301 3577 466 3642 minusad
482 3575 556 3644 aevi
577 3575 629 3640 sui
649 3576 821 3664 opiniones
835 3600 870 3642 se
891 3574 1032 3665 applicet
1048 3610 1088 3628 ·-
1105 3590 1137 3641 et
1157 3578 1194 3642 in

104 3677 171 3742 hoc
189 3679 262 3766 ipso
277 3690 426 3742 constare
440 3678 674 3764 praestantiam
693 3701 830 3758 eorum,
859 3681 917 3767 qui
942 3691 1061 3744 aetates
1078 3701 1196 3766 super-

105 3781 243 3846 stitione
269 3791 365 3865 atque
392 3779 575 3866 ignorantia
605 3783 747 3866 sepultas
773 3794 930 3870 superent
963 3820 1002 3834 -
1027 3803 1066 3847 eo
1091 3781 1201 3871 magis,

105 3882 255 3949 invidiae
268 3881 411 3968 odioque
420 3882 603 3949 obnoxium
617 3904 699 3961 esse,
712 3895 745 3948 ct
760 3885 814 3972 qui
830 3884 1031 3964 hominibus,
1051 3905 1194 3970 quorum

946 3987 963 4051 1
