2740 4486
255 259 311 340 82

248 429 411 514 tttmurn,
447 453 519 500 cum
551 434 616 500 lrcc
642 437 750 502 acltrm
771 437 865 503 Deua
895 413 1120 522 cempleverit.
1163 438 1261 507 Unde

257 557 293 619 et
311 543 482 630 subditur,
501 559 604 633 atque
623 549 737 615 divinit
759 571 830 618 eos.
930 599 931 604 κ

671 807 778 892 Caput
798 807 847 877 X.

573 943 709 1000 Probatr'c
732 961 769 1002 ex
788 944 943 1018 prophetie.

278 1203 281 1207 Ι
340 1109 438 1180 Nunc
466 1124 579 1179 antem
603 1125 680 1196 post
709 1109 819 1199 legem
841 1115 883 1181 ad
907 1116 1096 1182 testimonie
1118 1117 1259 1201 prephe-

257 1238 362 1292 tarmn
382 1237 604 1292 transeamus.
646 1223 706 1289 Ait
726 1227 839 1309 itaque
859 1228 1023 1294 maximae
1039 1228 1101 1294 ille
1116 1230 1258 1315 prophe-

255 1353 361 1407 tarum
383 1352 417 1406 ct
436 1359 552 1426 regum
572 1338 695 1418 David,
717 1341 774 1423 qui
796 1361 889 1406 enam
911 1341 1167 1427 intelligentiam
1183 1367 1258 1411 cae-

256 1455 336 1521 teris
357 1454 551 1538 praeferens
570 1455 634 1518 ait:
656 1475 754 1536 super
775 1475 890 1518 omuea
913 1455 1070 1520 decentes
1093 1457 1260 1524 rneiutel-

255 1568 327 1636 lexi
354 1580 390 1635 et
416 1567 504 1632 idem
534 1587 633 1649 super
667 1587 766 1632 senes
795 1566 959 1633 intellexi.
1004 1568 1082 1649 Ait,
1110 1572 1258 1655 iuquam,

187 1661 188 1664 Ἴ
257 1681 501 1749 distinctionem
522 1681 680 1745 trinitatis
703 1691 816 1762 aperte
846 1681 1038 1748 declarans:
1073 1682 1177 1754 perire
1198 1685 1259 1748 de·
1296 1707 1298 1713 ⁴

255 1797 337 1862 mini
357 1793 444 1860 coeli
464 1791 585 1858 firmati
614 1804 701 1859 sunt.
746 1791 812 1869 Qui
833 1806 868 1858 et
889 1793 971 1858 alibi
991 1797 1150 1862 unitatem
1169 1799 1261 1880 pari-

129 1963 131 1973 .
257 1919 309 2000 ter
334 1927 407 1974 cunt
435 1909 584 1990 trinitate
615 1907 781 1985 insinuat,
816 1907 947 1972 diceus:
989 1907 1164 1974 benedicat
1195 1931 1258 1976 nos

254 2019 368 2100 Deua,
399 2020 492 2086 Deus
524 2032 656 2099 noster,
696 2018 871 2086 benedicat
902 2043 963 2086 uos
994 2021 1099 2088 Deua.
1153 2023 1259 2090 Trina

156 2131 159 2148 ¹
256 2136 375 2221 quippe
394 2133 562 2198 confessio
582 2132 648 2197 Dei
669 2134 850 2198 trinitatem
862 2134 1016 2216 exprimit
1029 2157 1256 2217 personarum,

255 2259 381 2334 patrem
401 2246 532 2312 scilicet
552 2257 586 2311 et
606 2243 712 2310 filiunt
735 2257 769 2312 et
788 2246 936 2328 spiritum
958 2260 1119 2313 sanctum.
1163 2247 1259 2316 Bene

255 2375 366 2429 autem
385 2357 455 2425 Dei
480 2358 584 2424 filium
612 2358 792 2446 designans
820 2359 962 2453 addidit:
997 2373 1127 2440 nester,
1163 2366 1260 2446 quasi

255 2493 330 2540 eum
350 2486 486 2538 uestrae
505 2472 697 2554 participem
719 2483 856 2536 naturae
879 2485 912 2550 et
934 2486 1069 2556 epatre
1090 2473 1185 2540 nobis
1198 2477 1262 2542 da-

255 2603 324 2656 tum
345 2611 424 2654 esse
443 2587 634 2675 ostendens,
656 2607 728 2650 cum
742 2609 801 2668 per
815 2589 1076 2654 incarnationem
1090 2589 1181 2656 uerbi
1194 2613 1260 2657 nes

255 2704 419 2789 sapientia
438 2700 689 2780 illuminaverit,
713 2700 754 2764 de
777 2692 845 2784 qno¹
856 2713 890 2766 et
902 2702 1071 2784 apostulus
1095 2705 1162 2770 ait:¹
1180 2703 1259 2789 prc-

254 2820 326 2902 prio
349 2816 421 2881 filio
443 2837 505 2882 sun
526 2837 592 2881 nen
614 2818 760 2898 pepercit
780 2815 877 2881 Deus
903 2817 963 2880 sed
984 2839 1044 2898 prc
1067 2817 1166 2884 nubis
1185 2829 1279 2886 em-'

256 2929 351 2997 tribea
363 2930 488 2996 addidit
502 2937 532 3010 δ’)
545 2926 652 2994 illum.
679 2926 848 2993 Unitatem
861 2951 939 2993 vere
954 2930 1086 2994 divinae
1101 2932 1262 2997 substan·

105 3031 109 3056 ⁵
146 3104 150 3108 .
257 3047 325 3110 tiae
343 3045 476 3127 spiritus
499 3045 532 3108 iu
557 3042 814 3124 eedemaperit,
837 3056 998 3124 cumpost
1013 3046 1131 3128 trinam
1151 3048 1267 3110 diuini

256 3159 401 3226 neminis
427 3157 646 3240 prolationem
678 3177 778 3220 unum
807 3167 931 3220 tantum
952 3156 1060 3222 Deam
1089 3160 1122 3222 in
1152 3159 1263 3223 tribus

254 3273 407 3360 persenia
428 3269 623 3362 intelligpua
643 3289 711 3334 nnn
731 3267 903 3352 subjunxit
917 3288 975 3332 eos
988 3268 1176 3352 pluraliter,
1195 3273 1264 3337 aad

256 3404 331 3452 cnm
358 3382 581 3472 singulariter.
631 3381 719 3448 Huic
755 3395 790 3447 et
821 3381 906 3448 illud
938 3380 1051 3450 Isaiae
1083 3393 1264 3464 conrnune,

257 3497 347 3586 qued
372 3496 469 3563 dicit:
500 3518 538 3562 se
566 3497 691 3561 vidisse
714 3493 877 3577 Seraphin
899 3507 935 3560 et
955 3497 1089 3564 audisse
1110 3494 1265 3564 elenau·

257 3614 322 3677 tia:
355 3608 515 3689 Sanctus,
538 3608 697 3691 Sanctus,
721 3607 882 3688 Sanctus,
905 3609 1055 3675 dominus
1076 3609 1172 3675 Deus
1193 3609 1266 3674 Sa·

129 3717 132 3726 ’
256 3719 370 3790 beeth.
403 3723 507 3788 Recte
527 3735 638 3787 autem
658 3720 820 3786 vacabulo
841 3739 924 3788 usus
944 3735 996 3786 est
1012 3723 1053 3786 ad
1075 3723 1267 3805 perennans

257 3835 506 3924 designandam,
529 3835 607 3918 quia
627 3834 833 3899 dominorum
854 3845 906 3898 eat
917 3853 1085 3917 praeesse,
1108 3833 1266 3916 quaeri-

257 3947 379 4014 delieet
397 3950 545 4031 petentia
559 3947 753 4035 pierumque
764 3949 800 4014 ia
821 3945 1027 4013 heenemine
1038 3945 1135 4012 Deus
1146 3945 1267 4030 attig-
