2774 4486
566 118 885 195 ...10-

182 298 259 392 solis
282 295 486 389 versiculique
504 295 665 385 legendis
678 296 730 388 vel
746 291 1270 390 Ὶ01111111οῚ011001111001110111ρο-

185 400 291 470 tendis
305 406 477 464 contentus
492 394 574 475 fuit,
595 397 652 464 sed
675 419 812 472 omnem
837 395 909 462 sere
930 394 1033 462 studii
1052 393 1089 460 in
1104 385 1270 470 librorum

183 504 378 574 divinorum
401 499 662 588 perscrutatione
682 497 831 585 ponendi
844 495 1019 562 utilitatem
1039 498 1079 561 ad
1100 495 1203 586 ipsius
1215 522 1271 564 ar-

182 604 317 694 chetypi
333 601 508 668 lectionem
523 600 647 666 retulit.
668 600 890 687 (Scriptorum
905 621 1078 665 sacrorum
1093 598 1272 687 doctrinas)

182 708 290 794 inquit
312 707 385 784 „ad
401 704 537 790 plenum
555 702 582 767 si
599 725 796 788 cognoscere
811 703 1016 783 studeamus,
1041 704 1075 768 in
1093 701 1164 790 ipso
1181 700 1272 768 lonte

183 808 335 894 „magim
358 827 456 890 quam
479 804 514 870 in
536 803 655 870 rivulis
668 792 919 870 translationum
938 803 1181 892 perquirendae
1195 816 1273 870 surrt

182 961 205 994 „
216 915 262 1000 (p.
277 908 371 991 261),
393 919 425 974 et
441 907 540 997 paulo
557 916 629 996 post
648 907 753 992 (262ls
783 906 866 972 lelix
889 907 946 972 illa
968 906 1080 972 anima
1103 917 1166 983 est,
1186 927 1272 988 quae

183 1018 258 1098 „in
279 1014 351 1098 lege
377 1009 504 1074 domini
537 1007 697 1073 meditans
724 1009 778 1074 die
805 1031 843 1074 ac
873 1021 970 1074 nocte
1001 1029 1273 1094 unamquamque

182 1116 413 1202 „scripturam
433 1112 467 1176 in
490 1110 560 1196 ipso
584 1121 660 1174 ortu
685 1109 786 1174 fontis
805 1111 895 1198 quasi
917 1109 1125 1198 purissimam
1150 1133 1271 1195 aquam

182 1215 351 1299 „haurire
374 1214 531 1297 satagit“.
581 1212 753 1278 Interdum
784 1211 862 1300 ipsis
891 1213 999 1279 verbis
1027 1211 1187 1278 hebraicis
1217 1213 1272 1276 vel

181 1321 306 1411 graecis
321 1317 360 1379 ad
376 1337 508 1380 sensum
527 1313 686 1378 versionis
705 1315 889 1380 accuratius
907 1315 1172 1380 constituendum
1193 1337 1273 1381 usus

182 1437 240 1488 est.
285 1417 384 1502 Quod
402 1429 531 1507 praeter
547 1417 663 1491 multa,
686 1437 770 1500 quae
785 1417 818 1481 in
836 1416 1082 1482 commentariis
1100 1417 1167 1480 suis
1192 1439 1274 1504 pro·

181 1525 256 1590 tulit
277 1529 406 1606 (expos.
427 1517 461 1582 in
487 1518 573 1583 Hex.
594 1516 677 1582 1367
692 1538 739 1601 sq.
767 1518 847 1584 1371
863 1521 904 1584 al.
927 1521 1057 1598 Comm.
1082 1541 1114 1606 p.
1131 1519 1193 1582 528
1212 1518 1273 1600 al.)

181 1621 336 1712 inprimis
350 1619 486 1706 epistola
501 1631 647 1695 testatur,
664 1621 816 1704 quemad
832 1619 1061 1686 Bernhsrdum
1078 1619 1274 1684 Claraeval·

181 1732 307 1796 lensem
330 1722 420 1788 dedit
435 1720 493 1807 22),
536 1722 626 1786 Tum
645 1745 687 1786 ex
701 1721 751 1786 his
765 1723 891 1809 pariter
904 1735 1000 1807 atque
1015 1744 1056 1785 ex
1070 1719 1184 1786 multis
1198 1721 1273 1786 aliis

181 1831 302 1920 liquet,
323 1847 400 1892 euru
423 1823 520 1888 rebus
543 1823 783 1910 grammaticis,
806 1823 969 1890 historicis
984 1822 1068 1888 etiis
1084 1822 1168 1901 lere,
1190 1845 1272 1908 quas

180 1937 327 2020 isagoges
340 1931 476 1994 nomine
490 1925 631 1990 seriores
645 1928 812 2014 complexi
827 1937 922 2003 sunt,
945 1927 1087 1992 multum
1110 1926 1273 1992 momenti

181 2034 333 2102 tribuisse
353 2050 535 2112 earumque
561 2030 711 2094 notitiam
736 2028 911 2117 interpreti
941 2039 1029 2093 certe
1053 2029 1273 2094 necessariam

181 2137 343 2210 habuisse,
359 2153 425 2216 quo
438 2128 565 2194 facilius
574 2130 736 2196 librorum
746 2143 863 2208 aetate,
878 2130 1076 2208 auctoribus,
1090 2131 1272 2206 occasione,

182 2238 318 2306 consilio
334 2230 471 2318 cognitis
484 2231 690 2317 singulorum
713 2256 844 2299 sensum
860 2233 1057 2319 intelligeret
1073 2231 1145 2308 (cfr.
1162 2256 1195 2322 p.
1207 2231 1272 2296 491

181 2365 252 2428 sqq.
278 2340 363 2404 ilex.
386 2358 414 2420 p·
434 2333 517 2398 1364
529 2344 600 2418 sq.)·
646 2335 820 2400 Praeterea
841 2357 945 2400 nexus
967 2334 1149 2402 rationibus
1172 2344 1273 2419 atquo

181 2446 333 2518 locorum
352 2436 513 2502 similium
535 2437 784 2522 opportunitate
802 2437 885 2502 bene
908 2459 982 2500 usus
1001 2437 1052 2500 vel
1067 2434 1274 2502 difficiliores

180 2541 357 2612 sententias
371 2537 539 2602 interdum
554 2537 629 2601 satis
644 2537 761 2602 dextre
776 2538 1000 2626 explicatas),
1023 2550 1055 2603 et
1069 2539 1156 2603 haud
1172 2540 1275 2628 pauci

252 2727 305 2791 22)
345 2724 414 2790 Opp.
454 2740 480 2790 p.
521 2719 574 2776 254
592 2725 701 2775 -251.
752 2721 798 2789 ei,
816 2721 861 2790 qui
881 2742 938 2776 rem
956 2725 1013 2790 ipse
1031 2723 1164 2789 residisset,
1181 2722 1273 2775 maio-

181 2796 348 2853 Abaelsrdus
376 2791 404 2842 iu
434 2790 595 2844 monasterio
612 2793 701 2842 ‘Pars-
750 2807 808 2844 rem
841 2794 1024 2846 alletoritatem
1057 2795 1272 2859 concedendam,

183 2865 295 2922 cletensi
307 2861 466 2924 instituerat,
483 2868 513 2912 ut
530 2860 559 2912 iu
572 2860 700 2913 orationis
751 2862 773 2914 si
789 2877 852 2927 non,
872 2863 1013 2928 Matthaei,
1028 2864 1173 2916 secundum
1188 2879 1272 2930 quem

184 2935 343 2998 dominicae,
360 2946 429 3000 quae
448 2927 608 3000 ‹parotidianis
626 2929 700 2982 horis
751 2931 906 2998 ceteroquin
929 2931 975 2984 itta
993 2933 1080 2984 oraito
1102 2940 1176 2984 recte
1197 2931 1273 2983 reci-

184 3001 320 3058 derantari
371 3001 490 3064 solebat,
545 2999 700 3065 precatione
750 3008 859 3065 teretur,
877 3001 961 3053 verba
977 2999 1272 3053 strictissimetenenda

183 3083 277 3144 qsrarta
295 3067 386 3124 verbis
404 3067 559 3139 vulgaribus
583 3085 700 3134 „panem
751 3083 810 3122 esse
843 3071 906 3130 (cfr.
939 3086 1027 3122 sermo
1050 3070 1130 3122 Xlll.
1155 3086 1182 3138 p.
1204 3067 1271 3122 834.

184 3137 389 3215 qarotidiannm“
422 3136 626 3189 saihstitueretur
655 3155 700 3202 „p.
750 3138 823 3200 858).
850 3139 881 3190 ln
905 3153 959 3206 quo
987 3139 1087 3196 erravit
1117 3146 1144 3190 et
1172 3154 1272 3204 reapse

184 3205 493 3281 supersubstantialern.“
517 3207 597 3272 Otrod
618 3223 699 3272 iprum
750 3206 833 3276 magis
848 3207 1019 3276 Hieronymi,
1035 3207 1076 3260 sui
1090 3223 1168 3274 quiam
1181 3207 1273 3274 serip-

182 3280 354 3334 Bernhardus
371 3275 498 3328 novitatis
518 3274 627 3326 nomine
646 3291 700 3326 ve·
750 3283 826 3328 tarrae
856 3277 1039 3328 strotoritatem
1071 3285 1179 3329 secutus
1211 3285 1271 3328 est:
1375 3269 1385 3292 ⁸

181 3352 323 3404 trementer
350 3343 582 3412 reprehendisset,
609 3343 701 3395 Abas·
750 3343 779 3396 iu
803 3352 916 3412 alnoque
938 3344 1009 3398 euim
1030 3348 1092 3400 loeo
1112 3346 1222 3413 (tttstth.
1241 3347 1272 3410 6,

182 3419 273 3472 lardus
290 3412 453 3466 defensionis
471 3411 555 3484 gratia
572 3409 598 3464 ei
615 3411 701 3480 scrip·
752 3417 794 3466 11.
813 3413 878 3466 Luc.
892 3419 933 3478 11,
945 3413 974 3478 3)
988 3411 1126 3466 iussisses
1139 3413 1271 3476 habetur3

182 3487 227 3553 sit,
244 3486 301 3539 eius
319 3481 471 3534 mutationis
482 3484 552 3535 hano
568 3480 618 3534 sibi
634 3497 700 3533 cau·
751 3481 934 3549 Hieronymus
968 3489 1056 3536 autem
1090 3481 1175 3548 priori
1202 3484 1272 3535 loon

183 3575 245 3609 sam¹
272 3553 356 3606 fuisse
389 3552 459 3617 quod
492 3550 565 3602 illam
591 3565 699 3616 vocem,
749 3547 1271 3620 supersubstantialem,posterioriqno-

183 3643 264 3693 quam
281 3617 458 3675 ecclesiastica
474 3620 640 3672 conssretudo
657 3621 700 3671 te-'
751 3619 880 3672 tidianum
899 3621 995 3688 posuit.
1011 3621 1190 3672 Nihilominus
1209 3621 1273 3686 epi-

182 3702 274 3757 neret,
292 3694 379 3744 ercas
396 3690 518 3752 referret,
536 3704 699 3756 eam,quam
749 3691 826 3752 stola,
855 3691 927 3757 quod
949 3705 1029 3758 supra
1054 3688 1273 3743 1011100110οΜ-

181 3763 240 3829 ipse
252 3759 427 3832 expressisset
442 3754 609 3821 (mutuor,
625 3759 699 3808 litat».
719 3775 723 3782 ·
748 3761 852 3828 probat.
1155 3771 1157 3775 ’

183 3835 285 3892 ttreeus.
320 3832 375 3882 lam
399 3841 466 3878 vero
490 3823 512 3876 si
530 3825 697 3877 idemamho
817 3826 864 3892 23)
895 3825 930 3878 Ut
962 3829 1116 3894 exemplum
1147 3825 1272 3894 alierum,

183 3907 333 3952 narrarent·
348 3897 431 3966 (iquod
463 3908 518 3956 uon
543 3893 697 3962 concessit),
749 3901 932 3970 quaestionem
952 3898 984 3948 ab
1004 3898 1175 3960 Heloisade
1194 3913 1269 3968 pec-
