2774 4486
283 287 364 364 1to

281 471 348 522 tur.
393 449 457 534 Qui
480 454 580 542 igitur
602 456 650 520 sie
670 475 729 540 pro
751 460 895 541 peccatis
926 473 1080 548 gemunt,
1111 480 1183 550 non,¹
1206 487 1281 550 pec-

283 585 358 636 cata
379 574 428 636 eis
458 569 632 653 displicent
659 583 792 654 propter
813 573 922 640 Deum
957 577 1017 640 sed
1043 589 1175 661 propter
1200 601 1280 662 poe·

283 706 369 749 nam.
414 683 510 748 Talis
530 686 631 770 igitur
652 687 805 749 contritio
829 688 949 754 nullius
972 693 1080 756 meriti
1113 703 1166 756 nst
1195 687 1280 774 apoll

277 797 400 864 Deum.
445 797 498 862 De
519 820 560 863 ea
581 819 678 877 sero,
702 821 784 883 quae
806 799 845 864 fit
867 823 910 865 ex
932 802 1109 868 dilectione
1131 803 1216 883 Dei,
1239 827 1280 870 ex

281 933 393 975 amore
422 913 585 991 iustitiae,
620 912 741 978 dictum
768 925 820 977 est
852 918 951 980 etiam
978 939 1037 998 per
1069 915 1278 1000 prophetamt

280 1025 315 1086 in
355 1045 545 1107 quacunque
578 1021 660 1087 hora
693 1045 872 1090 conversus
904 1025 1004 1091 fuerit
1034 1041 1188 1112 peccator
1216 1041 1278 1094 etc.

280 1133 389 1216 Nota,
421 1137 508 1221 quod
537 1156 602 1199 non
632 1136 733 1215 dixit,
766 1137 819 1200 die
857 1136 912 1202 vel
942 1161 1055 1206 mense
1091 1142 1147 1207 vel
1175 1163 1279 1221 enno,

282 1253 358 1334 quia
382 1272 452 1313 cum
475 1249 550 1314 Deo
578 1247 663 1315 nihil
692 1249 819 1314 tardum
847 1253 892 1315 sit
918 1251 974 1317 vel
1005 1248 1144 1334 absens,
1177 1275 1278 1338 quen·

280 1367 386 1427 tocius
408 1362 526 1446 aliquis
547 1385 626 1428 vere
647 1367 812 1446 poenitet,
845 1368 1007 1432 tantocius
1030 1379 1064 1430 et
1084 1369 1155 1450 ipse
1182 1388 1276 1450 prae·

280 1499 356 1542 sens
378 1477 526 1541 remittit.
569 1474 665 1541 Unde
690 1490 723 1541 et
745 1475 871 1543 David:
907 1478 995 1559 dixi,
1016 1480 1199 1552 confitebor
1221 1483 1279 1546 ed-

280 1596 410 1656 v'ersum
432 1613 483 1656 me
504 1592 696 1655 iniustitiam
718 1611 825 1654 meam
846 1589 1009 1670 Domino,
1037 1593 1072 1658 id
1094 1606 1163 1674 est,
1195 1596 1278 1662 deli.

279 1706 394 1772 beravi
420 1710 454 1771 in
483 1706 581 1770 corde
603 1727 675 1770 meo
693 1701 780 1776 ⁴illud
804 1704 889 1787 quod
911 1709 1148 1771 contemnendo
1168 1706 1279 1781 Deum

278 1821 365 1901 feci,
393 1819 473 1886 mibi
495 1818 668 1901 displicere
691 1837 822 1906 propter
844 1824 963 1892 Deum.
1007 1826 1196 1905 Promptum
1226 1839 1281 1886 est

279 1938 380 2022 igitur
406 1946 441 2000 et
468 1933 695 2030 manifestum,
725 1941 813 2021 quod
834 1962 877 2005 cx
906 1960 969 2024 quo
993 1938 1111 2021 aliquis
1134 1957 1213 2001 vere
1237 1935 1280 2000 tle

278 2062 412 2134 peccato
436 2052 537 2136 gemit
566 2054 671 2133 ipsum
699 2053 763 2117 sibi
786 2075 806 2118 a
827 2051 902 2118 Deo
925 2053 1056 2117 dimitti.
1099 2047 1176 2116 Non
1197 2071 1279 2114 vero

279 2161 369 2227 eliud
395 2175 446 2227 est
468 2161 575 2228 Deum
607 2177 743 2247 peccata
770 2167 951 2246 dimittere,
984 2187 1080 2252 quam
1108 2176 1279 2231 aeternum

278 2297 418 2358 poenam
439 2297 497 2364 pro
519 2282 591 2364 ipso
615 2281 757 2348 debitam
779 2282 946 2348 relaxare.

633 2559 739 2644 Caput
759 2557 923 2628 xxxvl.

556 2696 602 2751 De
619 2696 795 2751 confessione
812 2702 1001 2768 peccatorum.

364 2842 418 2907 De
440 2840 650 2906 confessione
679 2861 807 2925 quoque
826 2843 1024 2920 sciendum,
1058 2840 1145 2924 quod
1176 2838 1279 2906 valde

280 2965 331 3020 est
352 2952 456 3018 utilis.
499 2953 553 3018 Ad·
574 2957 734 3039 majorem
765 2954 924 3037 siquidem
955 2951 1148 3016 humilitatis
1181 2953 1276 3016 exhi-

278 3065 436 3130 bitionem
458 3068 608 3130 instituta
622 3077 685 3129 est.
721 3064 834 3131 Unde:
857 3063 1058 3128 confitemini
1081 3061 1276 3128 alterutrum

173 3202 175 3207 ’
279 3190 416 3262 peccata
443 3192 565 3242 vestra.
610 3175 694 3242 Com
722 3177 808 3240 enirn
836 3176 872 3239 in
904 3196 965 3239 sua
990 3185 1154 3257 potestate
1176 3173 1276 3240 homo

279 3295 405 3376 positus
426 3314 446 3356 a
467 3290 541 3356 Deo
564 3289 772 3370 discesserit,
795 3291 994 3355 conveniens
1016 3301 1107 3369 erat,
1128 3302 1165 3354 ut
1186 3289 1278 3356 idem

279 3407 340 3470 sub
363 3405 430 3470 alio
453 3406 578 3486 positus
599 3425 670 3468 cum
694 3402 878 3468 humilitate
902 3415 935 3467 et
948 3403 1124 3466 devotione
1137 3401 1276 3466 rediret.

278 3519 424 3602 Ideoque
452 3518 595 3582 instituit
615 3515 708 3582 Deus
734 3515 942 3581 sacerdotem
974 3517 1026 3580 sui
1048 3517 1205 3580 vicarium
1240 3527 1279 3580 et

198 3703 200 3706 ,
279 3635 375 3716 quasi
404 3630 585 3708 medicum,
617 3631 670 3692 cui
691 3633 780 3707 (rua)
801 3638 939 3709 peccate
960 3629 1054 3711 quasi
1074 3627 1212 3692 vulnera
1231 3627 1278 3692 sd

278 3744 459 3809 sanandum
487 3741 742 3826 delegarentur,
772 3749 810 3805 ut
836 3760 903 3805 uon
931 3760 952 3804 a
980 3759 1017 3804 se
1051 3740 1112 3804 sed
1139 3738 1181 3803 ab
1202 3738 1275 3803 alio

278 3859 415 3943 majoris
437 3855 628 3920 humilitatis
653 3873 753 3920 cause
774 3854 905 3920 modom
926 3851 1164 3918 satisfactionis
1185 3853 1276 3916 acci-

279 3974 360 4054 piat.
403 3967 589 4038 Notandum
611 3979 742 4050 tamen,
766 3967 882 4055 quodsi
903 3963 1043 4034 articulo
1064 3966 1276 4036 necessitatis
