2774 4486
505 174 796 282 ...34-

103 355 309 438 Benetlirtini
338 369 528 438 Bernhardi
552 373 825 438 Claraevallensis
852 368 974 458 iudicio
1002 371 1075 460 plus
1105 357 1200 436 iusto

1 545 2 568 ἶ
56 495 58 500 ’
103 475 283 544 tribuentes
297 473 334 550 ad
350 471 1192 561 plenampriorumtcmporuminiquitatemreuersi

102 590 177 641 sunt
191 577 230 656 8).
272 575 454 651 Recentior
468 589 577 640 autern
593 589 679 640 aetas
697 579 779 658 viri,
802 579 857 662 qui
878 579 965 642 inter
980 577 1096 642 Gallos
1112 566 1191 640 eru-¹
1279 655 1280 662 ἵ

104 678 237 744 ditionis
266 677 455 764 ingeniique
485 678 581 742 lautle
611 678 754 762 insignes
781 679 867 744 haud
897 679 1048 744 intimum
1079 678 1189 743 locum

104 801 338 866 usquequaque
353 780 529 856 obtinebit,
555 781 736 846 memoriae
751 783 844 846 vario
860 783 960 846 modo
977 779 1189 860 consuluisti).

189 883 334 948 Eaedem
360 881 430 946 lere
450 881 610 958 rationes,
632 907 714 969 quae
736 885 784 946 ΑΙ)
808 884 912 948 elarcli
937 905 1058 947 nomen
1082 879 1192 970 ponti-

105 983 183 1054 ficiis
198 1006 334 1049 rxosurn
354 984 585 1062 reddiderunt,
607 985 761 1048 ecclesiae
776 907 875 1050 eitam
890 984 1088 1050 reformatae
1103 1006 1191 1051 aase-

103 1087 167 1162 clas
182 1087 236 1150 diu
254 1084 473 1173 prohihuere,
497 1086 673 1170 quominus
686 1109 787 1172 aequa
809 1089 900 1152 lance
922 1089 991 1152 eius
1013 1107 1065 1150 res
1081 1085 1193 1171 pensi-

104 1201 217 1254 tarent
265 1187 345 1276 Ipsis
364 1189 453 1251 eninr
476 1185 767 1265 reformatoribus,
796 1189 853 1274 qui
875 1188 962 1254 heurl
989 1210 1110 1277 paucos
1131 1207 1192 1275 per

104 1289 350 1378 pontificiorum
391 1289 548 1354 iniuriam
587 1289 769 1356 haereticae
804 1291 974 1378 pravitatis
1010 1287 1199 1376 ignominie,

104 1393 269 1476 quondam
292 1403 421 1460 notatos
443 1391 476 1454 in
501 1389 664 1456 honorem
688 1394 915 1468 restituerunt,
937 1395 1052 1458 eadem
1068 1392 1189 1456 libera-

104 1494 194 1574 litate
216 1513 282 1558 non
307 1492 398 1557 licuit
416 1493 462 1556 uti
480 1514 558 1577 erga
577 1492 763 1570 hominem,
785 1480 936 1580 quicum
961 1495 1046 1559 Ario
1069 1493 1189 1578 gradus

104 1609 134 1661 et
161 1597 262 1660 scalas
292 1596 325 1658 in
357 1595 501 1658 trinitate
532 1594 752 1680 disposuerat,
783 1621 858 1662 cum
888 1597 1019 1682 Pelagio
1047 1596 1188 1660 liberum

103 1699 277 1763 arbitrium
306 1695 430 1781 gratiae
460 1711 694 1784 proposuerat,
730 1722 804 1764 cum
835 1699 990 1764 Nestoriu
1020 1697 1191 1764 Christum

104 1800 260 1866 diviserat
277 1796 332 1884 10),
377 1797 466 1862 Hine
487 1797 691 1876 factumest,
713 1813 780 1866 uta
800 1801 1035 1864 Centuriarurn
1052 1797 1191 1862 Parthe-

105 1903 374 1988 nopolitanarum
400 1899 589 1964 auctoribus
611 1903 724 1966 eadem
748 1902 818 1982 lere
841 1903 1031 1976 severitate,
1052 1921 1149 1983 quam
1172 1907 1203 1964 a

1 2061 2 2068 ,
102 2003 269 2092 prioribus
283 2014 438 2088 expertus
453 2013 540 2077 erat,
562 2013 757 2068 tracteretur
779 2005 887 2080 (Ceut.
902 2005 984 2069 Xll.
1001 2027 1032 2089 p.
1048 2001 1113 2065 848
1127 2003 1198 2084 sq.)-

1 3325 3 3339 t
106 3285 179 3336 eiad
204 3281 327 3336 homines
345 3284 478 3350 sapientes
501 3291 528 3333 et
545 3282 627 3333 illus-

102 2130 246 2191 quorum
270 2105 460 2170 auctoritate
479 2126 580 2188 quum
604 2129 719 2170 ornnes
747 2107 951 2183 niterentur,
983 2105 1039 2190 qui
1060 2102 1204 2196 saeculo*

16 2273 17 2276 ,
102 2207 440 2275 XVletXVllinter
457 2218 669 2292 protestantes
683 2207 851 2272 historiam
868 2208 1023 2272 ecelesiae
1035 2205 1194 2280 colerent,

104 2335 171 2376 non
191 2308 419 2387 clementiores
442 2308 565 2373 iudices
585 2309 698 2372 habuit
722 2311 889 2374 Arlamum
907 2309 938 2372 Τ
942 2305 1191 2374 ribbechovium

103 2413 157 2490 (de
180 2414 265 2476 iloct.
288 2411 390 2475 schol.
421 2411 567 2475 Giessae.
598 2413 690 2474 1665.
722 2434 752 2496 ρ.
777 2412 944 2494 145.147)
976 2422 1009 2476 et
1037 2408 1192 2472 lecchum

103 2514 322 2578 'l'homasium
340 2517 447 2594 (Petri
465 2514 644 2579 Abaelarrli
659 2513 723 2576 vita
743 2514 762 2576 l.
781 2515 822 2598 1.).
856 2513 987 2578 Primus
1003 2513 1043 2576 de
1058 2509 1196 2603 homine

105 2626 153 2678 tot
166 2618 327 2697 tantisque
346 2619 515 2680 erroribus
531 2615 704 2699 inquinato
717 2615 884 2682 mitiorem
899 2615 1092 2680 sententiam
1106 2609 1198 2676 ferre

105 2740 203 2782 ausus
220 2729 265 2778 est
283 2717 469 2780 communis
484 2717 540 2781 ille
557 2718 727 2792 omnium,
749 2718 804 2806 qui
822 2717 976 2782 ecelesiae
991 2715 1106 2780 lavere
1123 2713 1198 2798 plus'

174 2873 204 2934 8)
224 2868 347 2936 luprimis
371 2873 517 2921 Clementem
538 2869 623 2933 (Dum
675 2888 712 2922 un
733 2869 820 2924 errrdit
840 2868 1006 2940 sirperliciel‚
1027 2887 1062 2920 un
1081 2863 1193 2920 the'olo-

106 2937 241 3006 Clcinrcnt)
262 2936 341 3002 dico,
360 2939 404 3006 qni
423 2937 506 2990 vitam
530 2939 625 2989 Abas·
676 2940 737 3009 gien
771 2937 915 3007 re'prouvri.
951 2939 1047 2990 'Minus
1078 2943 1196 3008 ¹severus·

105 3008 172 3061 lardi
193 3008 320 3073 historiae
338 3008 376 3059 lit.
394 3007 495 3058 Galliae
508 3008 541 3058 T.
558 3006 625 3059 Xll.
676 3017 716 3058 est
727 3011 813 3058 Peztus
826 3005 908 3060 Thes.
924 3009 1016 3062 anecd.
1030 3001 1204 3059 aerisaut-¹

105 3097 131 3146 p.
158 3078 289 3130 stt-152
318 3077 445 3127 insert-arn
466 3073 624 3142 composuit.
675 3077 749 3128 Diss.
769 3077 834 3146 isag.
852 3094 879 3143 p.
898 3079 954 3128 XX
972 3093 1012 3144 sq·

1 3167 2 3170 ¹
105 3145 519 3232 Hl⁰⁰¹¹¹⁰⁹‘¹¹¹l‘l9m.l⁰3.9¹¹l¹¹m
536 3143 626 3196 Aba&
709 3214 711 3220 ,
746 3177 775 3240 9)
794 3177 850 3238 Cir.
868 3187 945 3230 notas
959 3176 1040 3234 Tomi
1053 3147 1108 3228 Xll
1130 3133 1204 3228 hist.v

104 3217 181 3268 lardo
206 3233 260 3267 non
291 3216 469 3276 abiudicavit,
502 3229 625 3280 eumque,
675 3248 728 3300 mu,
745 3248 847 3306 Galliae
869 3247 945 3300 almi
973 3243 1207 3310 editionifflri',

106 3353 210 3416 1103st
230 3348 254 3404 θ’,
276 3352 468 3414 Berntiaruum)
494 3350 627 3418 seappli·
680 3319 758 3382 1830)
777 3318 1019 3390 edieutasrpi'rtli
1038 3333 1077 3382 eq.
1130 3343 1131 3346 ,

108 3422 223 3488 suisset,
250 3437 359 3486 eornm,
386 3435 452 3488 quea
479 3423 633 3484 tractasset,
746 3417 788 3488 10)
812 3419 902 3472 Bernlr.
924 3423 990 3471 Clnr.
1022 3436 1064 3484 ep.
1089 3415 1141 3467 330
1165 3421 1192 3466 et

108 3490 192 3561 magis
222 3489 342 3558 peritus,
380 3505 510 3540 novarum
539 3497 625 3540 autern
677 3491 736 3541 338.
771 3489 839 3540 Aliis
857 3489 966 3556 insuper
986 3483 1121 3540 erroribus
1137 3481 1192 3536 Pe-

107 3577 198 3613 rerum
238 3559 324 3610 minus
358 3557 491 3609 studiosus
522 3557 626 3624 luisset,
677 3566 746 3609 trum
780 3557 935 3626 implicitum
975 3557 1057 3608 luisse
1088 3551 1208 3618 invenit„

108 3631 220 3681 multum
239 3628 267 3679 iu
286 3626 369 3678 literis
381 3629 562 3694 protecturum
583 3627 627 3677 fu·
680 3629 813 3680 Guatterns
835 3629 866 3679 de
884 3629 911 3680 S.
927 3628 994 3678 Viet.
1014 3627 1031 3676 l.
1045 3627 1062 3675 l.
1081 3634 1113 3690 pf
1125 3619 1191 3674 633:

108 3697 163 3750 issa
176 3692 319 3749 concessit,
342 3697 381 3748 lta
395 3710 462 3750 varo
476 3696 626 3748 concludit:
679 3697 799 3747 dolemus
819 3697 890 3765 quod
913 3695 941 3748 lu
960 3696 1030 3747 Petri
1051 3689 1209 3768 Abietarqtt,

109 3767 194 3818 Faute
207 3767 240 3818 ile
257 3783 301 3818 ces
315 3765 501 3830 dispositione,
520 3767 539 3816 il
553 3768 628 3816 n’est
678 3765 827 3831 perniciosa
854 3765 974 3817 doctrine
1001 3761 1073 3822 Arii,
1105 3757 1213 3822 illem-5,

110 3837 218 3888 devenir
229 3838 308 3902 qn'nn
320 3834 438 3902 sophista
449 3835 627 3906 orgueilleux,
679 3834 771 3892 ctraei,
788 3833 920 3900 Nestorii,
938 3831 1080 3902 Eutyciani
1100 3837 1127 3881 et
1143 3823 1215 3882 lit-f

111 3921 150 3956 un
167 3905 290 3956 maurois
307 3903 476 3972 raisonneur,
494 3915 530 3954 un
547 3900 628 3972 pobte
679 3902 769 3956 oscori
792 3906 918 3958 haereses
940 3904 1072 3972 pullulare
1095 3908 1208 3972 coepes

110 3972 264 4040 mediocre,
282 3989 321 4026 un
339 3980 446 4026 orateur
463 3987 525 4024 sans
542 3973 629 4038 force,
679 3969 750 4037 runt.
1020 3979 1021 3984 ’
1076 3982 1078 3986 ’
1168 3973 1211 3996 '⁸‘
