2798 4486
211 234 299 346 'm

245 461 322 514 tum
350 445 524 538 p'raec'epta
549 437 624 530 ejus
642 434 794 508 audieris.
837 435 1041 508 Benedictus
1064 438 1156 507 tuin
1179 437 1253 520 civi-

254 573 318 626 tate
337 569 380 622 ¹et
402 549 591 620 benedictus
613 548 648 616 in
672 571 761 648 agro.
806 549 1007 620 Benedictus
1030 549 1153 619 l'rnctus
1176 579 1254 620 ven-

177 735 181 740 .
254 670 312 739 tris
339 665 386 735 tui
413 678 445 732 et
472 661 594 730 tructus
625 674 729 728 terrae
756 675 848 743 tuae,
874 659 1065 757 fructusque
1093 666 1254 756 jumento-

253 795 492 874 rnmtuorum,
522 797 637 865 greges
661 789 881 842 armentorum
903 789 1049 857 tuorum,
1079 791 1111 844 et
1141 775 1253 844 caulae

256 893 362 964 ovium
392 905 528 957 tuarum.
573 885 753 953 Benedicta
786 885 900 954 borrea
930 901 986 953 tua
1009 884 1040 955 et
1061 887 1254 957 benedictae

217 1084 223 1088 ,
254 1003 420 1099 reliquiae.
469 997 668 1067 Benedictus
698 997 760 1065 eris
789 997 975 1090 ingrediens
1006 1014 1038 1068 et
1072 1000 1255 1092 egrediens.

199 1107 200 1112 ἵ
255 1113 437 1188 Benedicet
459 1109 582 1180 cunctis
607 1109 760 1203 operibus
781 1134 936 1178 manuum
959 1127 1087 1179 tuarum
1111 1129 1142 1180 et
1163 1111 1254 1179 fene·

256 1229 341 1298 rabis
366 1211 515 1317 gentibus
538 1221 646 1290 multis
671 1221 794 1315 etipse
819 1223 946 1292 anullo
967 1222 1061 1292 senus
1083 1223 1254 1318 accipies.“

255 1343 343 1411 Ecce
371 1338 404 1405 in
434 1333 694 1408 remuneratione
724 1333 909 1428 implendae
939 1334 1019 1428 legis
1045 1336 1128 1405 sicut
1149 1336 1253 1405 bomi-

256 1457 351 1524 nibus
371 1453 414 1518 ita
438 1463 470 1515 et
488 1445 604 1514 fructui
624 1448 841 1538 jumentorum
858 1462 998 1531 tuorum,
1022 1449 1110 1542 gregi
1126 1473 1252 1516 armen·

255 1585 361 1636 torum
390 1577 536 1641 tuorum,
565 1573 597 1625 et
613 1557 727 1642 caulis
755 1558 864 1627 ovium
889 1559 1073 1628 benedictio
1096 1561 1253 1654 promitti-

226 1699 235 1714 ‘
255 1697 317 1762 tur,
340 1692 372 1744 et
393 1671 481 1740 nulla
504 1669 678 1764 spiritualis
703 1670 937 1740 benedictionis
960 1671 1087 1741 animae
1105 1673 1140 1740 lit
1163 1661 1252 1742 men-

256 1794 301 1861 tio
324 1797 376 1876 (8.
390 1783 468 1871 V.)‚
491 1808 556 1850 nec·
577 1783 766 1876 quicquam,
790 1782 877 1876 quod
901 1783 942 1851 ad
966 1783 1104 1853 salutem
1126 1785 1252 1853 animae

255 1903 305 1973 vel
329 1894 573 1967 damnationem
602 1895 731 1976 attinet,
758 1894 983 1963 obedientibus
1013 1895 1061 1964 vel
1091 1913 1251 1988 transgro

256 2013 418 2084 clientibus
446 2007 656 2102 promittitur,
685 2005 745 2074 sed
767 2005 840 2075 sola·
862 2007 1036 2076 commoda
1058 2007 1252 2079 velincom·

255 2126 356 2196 moda
384 2139 510 2190 terrena
534 2135 771 2221 memorantur,
800 2118 869 2202 bis,
898 2144 983 2215 quae
1003 2121 1144 2188 maxima
1165 2135 1270 2202 sunt,

256 2237 388 2309 omnino
411 2231 659 2327 praetermissis.
705 2228 842 2318 Quaero
865 2230 977 2316 etiam,
1007 2232 1033 2301 si
1062 2237 1258 2327 nunc‘qnuv'

255 2377 318 2447 que
340 2362 417 2442 post
438 2344 550 2434 legem
567 2343 662 2411 nobis
686 2342 804 2424 datam,
828 2343 912 2411 sicut
934 2360 965 2414 et
988 2360 1094 2428 antea,
1122 2343 1171 2412 lex
1194 2367 1253 2412 ua-.

226 2534 229 2539 ,
254 2459 363 2532 turalis
388 2455 430 2524 ad
454 2453 589 2522 salutem
613 2454 775 2548 aliquibus
799 2454 950 2525 sufficere
978 2457 1100 2551 possit,
1127 2457 1251 2550 absque

255 2570 404 2644 videlicet
433 2566 642 2635 exterioribus
673 2567 734 2635 illis
765 2583 797 2634 et
824 2568 962 2662 propriis
984 2569 1064 2662 legis
1088 2569 1252 2663 operibus.

256 2682 359 2775 Quod
382 2680 456 2776 quia
478 2677 561 2747 vulla
585 2679 711 2746 ratione
733 2705 853 2772 negare
876 2682 1028 2776 potestis,
1051 2708 1122 2750 eum
1146 2681 1253 2774 legem

254 2797 340 2866 banc
364 2806 490 2862 constet
512 2806 636 2858 tantum
658 2791 749 2858 vobis
774 2817 852 2860 esse
870 2793 988 2876 datam,
1012 2820 1079 2863 uon
1100 2793 1171 2860 aliis
1192 2817 1252 2887 po·

254 2899 435 3004 pulis„nec
457 2901 720 2970 circumcisiones
744 2903 807 2978 nisi
828 2904 979 2974 Abrabae
1004 2921 1035 2976 et
1050 2906 1164 2975 semini
1182 2908 1251 2998 ejus

255 3022 326 3092 esse
350 3018 523 3110 injunctas.
567 3013 626 3082 Ad·
643 3017 734 3107 cujus
761 3014 891 3110 quidem
921 3043 1035 3086 semeu
1063 3003 1123 3087 'soli
1153 3005 1251 3112 perli-

254 3116 336 3201 uent
355 3129 415 3210 illi,
445 3126 499 3221 qui
524 3125 564 3194 de
588 3126 680 3195 Isaac
703 3144 896 3212 nascuntur,
923 3131 1057 3200 domiuo
1079 3131 1120 3198 ad
1143 3131 1251 3224 ipsum

254 3245 396 3313 dicente:
419 3237 529 3326 „Quia
547 3238 580 3305 in
596 3239 689 3306 Isaac
707 3242 875 3309 vocabitur
891 3241 947 3310 tibi
963 3267 1075 3312 semen
1093 3246 1153 3333 1).“
1182 3239 1251 3330 Qui

254 3357 350 3424 etiam
374 3369 489 3448 postea
512 3375 609 3444 quam
632 3351 888 3421 circumcisionis·
907 3371 1039 3447 pactum
1061 3353 1253 3424 instituisset

180 3531 182 3536 .
252 3465 384 3534 inferius
420 3464 552 3556 adjecit:
597 3462 761 3546 „Pactum
789 3491 866 3534 vero
900 3480 1010 3534 meum
1038 3481 1181 3534 statuam¹
1206 3465 1250 3532 ad

251 3578 344 3646 lsaac
363 3565 432 3664 ²).“'
472 3574 530 3642 lob
561 3601 691 3682 qnoque
721 3573 889 3667 gentilem,
921 3603 1018 3671 quem
1047 3593 1124 3670 post
1145 3577 1248 3644 Abra»

251 3689 326 3760 bam
357 3687 427 3757 sine
456 3685 528 3778 lege
560 3686 719 3756 exstitisse
746 3713 815 3755 non
849 3687 1018 3771 dubitatis,
1051 3688 1103 3755 in*
1122 3705 1250 3757 tanturn

249 3847 450 3864 -ss-—fl

147 3961 151 3965 ·
267 3933 300 4000 l)
320 3930 385 3988 Gen.
404 3931 482 3999 XXI,
505 3937 546 3989 12.

266 4035 301 4105 e)
321 4034 386 4092 Gen.
405 4019 465 4103 xv',
481 4041 521 4093 n.
541 4041 583 4096 at.
673 4033 679 4040 “
