2806 4492
286 389 387 447 mum,
409 387 515 452 aquo
538 367 660 432 omnia.
705 367 815 447 Finis,
848 367 883 432 ιιι
905 379 977 449 est,
999 368 1111 438 finalis
1135 395 1234 440 causa
1257 387 1291 442 et

264 575 266 578 Ι
289 501 460 584 suprema,
493 492 625 563 propter
648 502 744 564 quam
766 483 887 546 omniur
932 480 1049 568 Neque
1073 488 1160 552 enim
1181 511 1291 576 como·

289 594 368 658 dere
391 615 453 658 nec
474 593 617 658 dormire
640 604 674 658 et
694 615 833 659 uxorem
849 595 969 660 ducere
992 620 1054 662 nec
1075 602 1209 666 omnino
1231 602 1293 666 ali·
1325 645 1329 650 -
1378 679 1379 684 γ

289 706 367 792 quid
395 707 506 770 facere
538 727 603 770 non
626 718 758 788 propter
782 705 1089 774 Christum'debeo.
1134 712 1292 797 Alioquin
1343 725 1345 730 '
1379 689 1380 692 Ἴ

289 820 494 900 bestialiter,
531 822 652 884 nostris
683 831 807 884 tantum
831 819 1053 902 voluptatibus
1076 825 1179 888 dediti
1202 828 1292 891 vive-

288 955 410 1000 remus.
465 929 647 1002 Comedere
684 943 792 996 antem
821 943 954 1013 propter
983 935 1089 1014 ipsum
1122 935 1292 1018 debemus,

291 1059 327 1112 ut
349 1048 476 1128 corpori
506 1047 591 1127 quod
622 1065 717 1108 suurn
752 1057 804 1108 est
837 1056 869 1108 et
893 1043 988 1109 nobis
1014 1050 1221 1112 commissum
1243 1062 1294 1116 est

291 1161 332 1224 ad
367 1158 572 1224 militandum
605 1157 796 1222 necessaria
834 1159 1076 1240 impendamus,
1113 1159 1228 1244 quihus
1258 1163 1292 1228 in

290 1275 362 1357 ejus
396 1270 556 1353 obsequio
588 1282 800 1334 sustentetur.
845 1267 1007 1357 Similiter
1036 1282 1070 1334 et
1103 1273 1293 1364 dormiendo

289 1385 397 1468 ipsum
418 1376 619 1448 relloi'amus
627 1396 674 1447 ut
693 1383 834 1469 vigilare
867 1405 939 1462 cum
969 1396 1118 1467 oportet,
1151 1374 1184 1448 iri
1221 1381 1294 1470 ejus

291 1495 445 1563 laudibus
468 1493 650 1560 valeamus.
697 1491 816 1568 Uxor
814 1518 943 1580 quoque
966 1491 1015 1560 ab
1031 1518 1084 1577 eo,
1108 1522 1162 1580 qm
1178 1510 1229 1562 est
1245 1521 1295 1562 ro
1379 1513 1380 1570 ξ

293 1611 495 1690 continens,
515 1608 663 1673 ducenda
694 1621 764 1688 est,
803 1630 867 1673 non
891 1608 998 1674 solum
1021 1612 1062 1674 ad
1084 1609 1187 1676 filios·
1184 1634 1295 1698 ¹gene·
1379 1617 1380 1630 ¹

292 1721 433 1800 candos,
464 1721 524 1785 sed
556 1742 597 1784 ne
632 1744 706 1787 enm
738 1721 959 1787 fornicatione
982 1724 1138 1787 offendat.
1184 1723 1240 1788 Sic
1262 1735 1296 1788 et
1379 1725 1380 1768 t

292 1844 408 1898 cetera
437 1843 571 1915 propter
605 1834 713 1917 ipsum
752 1834 906 1898 facienda
942 1844 1083 1898 constat.
1140 1833 1309 1922 Alioquin

292 1947 416 2011 frustra
437 1950 735 2046 remunerationem
756 1961 1035 2031 exspectaremus,
1058 1948 1099 2028 si,
1122 1969 1204 2031 quae
1226 1950 1297 2034 agi·
1379 1995 1380 2010 ι

293 2079 378 2138 mus,
401 2029 534 2145 propior
561 2062 668 2142 ipsum
695 2080 761 2124 non
782 2059 956 2124 faciemus.
1003 2057 1099 2134 Quod
1123 2060 1299 2146 diligenter

282 2170 467 2255 apostolus
497 2172 718 2260 adtendens'
708 2194 744 2236 ιιι
774 2172 915 2256 epistola
944 2173 986 2238 ad
1018 2171 1208 2238 Corinthios
1230 2176 1297 2237 ait·

291 2279 396 2378 ‘Sive
435 2302 537 2380 ergo
564 2253 841 2386 ιιιιιιιιιιιιιιιιι
883 2289 978 2349 sivo
1017 2269 1178 2362 bibitis·
1204 2286 1301 2350 sive

298 2393 416 2460 alind
448 2391 544 2482 quid
572 2395 745 2476 facitis,
779 2397 916 2462 omnia
947 2397 988 2459 in
1011 2396 1196 2483 gloriam
1217 2396 1300 2462 Dei
1379 2439 1380 2448 ι

297 2506 445 2572 facita.
1009 2499 1010 2502 ¹
1379 2585 1380 2592 χ

320 2637 324 2644 “
383 2620 631 2699 Sacramentum
654 2630 706 2684 est
728 2618 861 2684 visibile
882 2623 1012 2708 signum
1025 2619 1202 2716 invisibilis
1223 2643 1300 2710 gra·
1379 2603 1380 2612 ἵ

300 2738 382 2816 tiae,
396 2735 511 2808 'veluti
533 2757 604 2802 oum
627 2739 699 2820 quis
721 2736 924 2821 baptizatur,
945 2740 1019 2821 ipsa
1040 2725 1187 2802 exterior
1207 2736 1303 2816 abln-

298 2852 347 2915 tio
377 2851 541 2934 corporis,
574 2872 670 2934 qnam
702 2852 871 2930 videmus,
908 2852 1039 2938 signum
1063 2863 1115 2916 est
1134 2851 1303 2914 interioris

300 2951 666 3028 ablutionissaoimae(
692 2961 774 3028 Cum
795 2965 844 3030 ita
867 2963 966 3028 homo
989 2964 1129 3028 interior
1151 2983 1305 3048 apecca·

298 3079 347 3172 ttin
368 3077 565 3156 mundatur,
588 3078 638 3141 sio
659 3081 807 3144 exterior
829 3099 857 3144 a.
871 3075 1022 3144 sordibus
1044 3070 1232 3144 cunalibus
1254 3074 1307 3139 la·
1379 3133 1380 3136 ,

299 3200 411 3292 3vatur7

359 3460 363 3469 ,
385 3459 388 3468 ,
629 3387 631 3394 ’
723 3387 829 3474 Caput
844 3385 895 3454 ll.

407 3493 411 3506 '
483 3501 536 3579 De
553 3501 633 3566 fido,
649 3479 721 3573 qnae
738 3508 768 3558 et
785 3501 953 3604 naturaliter
969 3502 1123 3574 praecedit.

1252 3447 1299 3495 ,ιι

299 3711 313 3724 ,Α
393 3631 489 3728 Nunc
512 3601 620 3704 antem
633 3635 745 3712 tribus
765 3658 865 3722 supra
891 3638 1008 3724 positis
1036 3633 1186 3706 breviter
1201 3638 1308 3724 assig-

310 3749 396 3814 natis
419 3761 517 3833 atque
532 3749 705 3833 descriptis
727 3750 769 3814 de
791 3745 931 3838 singulis
953 3748 1144 3838 diligentins
1160 3769 1309 3836 agamus,
1379 3729 1380 3778 ⁷

302 3872 476 3954 quantum
488 3861 531 3929 ιιι
553 3867 652 3945 supra
673 3865 814 3960 positam
835 3859 998 3958 humanae
1019 3861 1145 3938 salutis
1150 3881 1311 3948 summam
1379 3905 1380 3932 l

1378 3961 1380 4040 l

1378 4061 1380 4098 l

1379 4119 1380 4150 l
