2798 4486
250 268 302 342 32

250 433 418 510 creaturis.
462 433 599 528 Quanto
628 449 738 505 autem
765 431 840 506 Noe
869 449 902 506 et
929 459 1063 520 suorum
1085 435 1150 516 vita
1173 434 1252 506 tibe-

147 623 149 634 .
248 550 316 621 rior
344 533 463 621 exstitit
492 574 589 646 quam
612 563 735 632 vestra,
763 547 911 620 noudum
933 545 1083 617 videlicet
1102 550 1182 642 jugo
1205 547 1273 636 le-¹

250 663 300 756 gis
323 679 448 742 vestrae
473 684 647 757 oppressa,
670 674 761 730 tanto
785 676 817 729 et
839 675 951 730 nostra
972 658 1176 755 liberiorest
1196 658 1253 730 illa
1296 691 1300 706 ι

250 774 411 870 antiquior
443 773 508 842 vita
544 797 641 867 quam
677 771 773 840 nullis
811 772 1021 842 exterioribus
1051 771 1140 842 dirae
1169 771 1251 866 legis

250 881 419 981 operibus
448 883 625 976 constringi
668 887 743 985 (td.
770 882 835 971 V.)
872 885 1008 978 potestis
1046 885 1252 955 convincere.-

250 997 348 1088 Quae
372 996 503 1092 quidem
527 997 568 1064 ab
591 996 663 1091 ipso
683 993 760 1065 *Noe
782 995 989 1079 inchoantes,
1013 991 1129 1066 cui‘de
1153 997 1250 1066 absti-

189 1090 197 1106 ’
248 1111 360 1180 nentia
380 1108 549 1201 sanguinis
568 1109 658 1202 prior
672 1108 723 1176 lex
739 1106 885 1176 instituta
904 1123 962 1192 est,
986 1107 1156 1201 diligenter
1170 1136 1249 1179 con·

249 1223 438 1295 sideremus.
474 1218 560 1291 Novi
577 1237 686 1289 tamen
709 1218 790 1312 legis
813 1218 974 1315 quaedam
998 1229 1172 1315 praecepta
1193 1245 1249 1289 us·
1329 1227 1332 1233 '

249 1361 311 1431 que
343 1333 439 1402 etiam
463 1330 505 1401 ad
528 1331 728 1425 alienigenas
759 1331 904 1415 extendi,
933 1330 1056 1401 seilicet
1082 1331 1250 1402 iltostan-

247 1462 326 1531 turn,
350 1471 433 1542 quos
452 1443 644 1514 vernaculos
666 1443 718 1518 vel
738 1468 850 1514 servos
871 1442 1034 1514 haberetis
1050 1443 1101 1513 vei
1124 1443 1180 1540 qui
1200 1444 1250 1532 iu-

169 1577 170 1586 ¹
246 1574 307 1636 tra
325 1574 437 1652 portas
467 1573 590 1627 vestras
617 1555 669 1626 vel
696 1555 838 1626 interra
863 1572 971 1626 vestra
998 1555 1167 1626 vobiscum
1191 1557 1250 1628 ha·

245 1669 395 1739 biterent.
447 1665 543 1756 Quos
579 1668 752 1764 quidem
742 1695 777 1736 m
807 1668 953 1764 pluribus
981 1667 1060 1738 locis
1090 1671 1251 1764 scriptura

150 1825 153 1833 ,
238 1780 419 1875 ,diligenter
448 1780 655 1864 determinat,
691 1793 723 1848 et
753 1805 835 1876 quos
865 1797 901 1850 tu
930 1781 1001 1876 ipse
1030 1783 1179 1892 superius
1210 1810 1249 1852 er

152 1904 155 1910 “
245 1892 320 1988 ipso
344 1891 424 1982 legis
447 1897 635 1988 praecepto,
663 1907 819 1987 tanquam
841 1892 1013 1984 indigenas
1035 1893 1249 1965 misericordi-

246 2019 296 2074 ter
318 2003 505 2073 traetandos
529 2029 602 2074 esse
627 2005 808 2075 ostendisti.
848 2003 945 2094 Qu⁰⁸
970 2023 1002 2075 et
1021 2007 1138 2076 vobis
1128 2034 1161 2076 ιιι
1176 2007 1248 2102 plu
1349 1995 1352 2001 ¹

144 2196 148 2210 s
245 2116 335 2186 ribus
366 2115 580 2185 observantiis
609 2115 659 2186 lex
689 2133 845 2210 aggregat
875 2133 907 2216 et
929 2143 949 2187 a
972 2118 1087 2188 ceteris
1108 2121 1249 2214 peregri-

200 2292 203 2299 .
246 2227 297 2296 uis
328 2226 463 2297 advenis
493 2245 604 2320 aperte
634 2213 811 2322 distinguit.
861 2228 958 2298 Unde
988 2256 1062 2299 eum
1089 2231 1135 2301 ait
1167 2259 1247 2329 quo-

247 2339 323 2408 dam
335 2339 410 2408 loco
425 2347 458 2428 ¹)
476 2340 616 2432 septimo
630 2365 717 2410 auno
733 2339 834 2409 facies
849 2341 1073 2412 remissionem
1090 2369 1172 2440 quae
1186 2345 1250 2416 boc

246 2450 360 2522 ordine
390 2447 584 2536 celebratur,
614 2451 666 2520 cui
695 2451 832 2522 debetur
859 2451 982 2546 aliquid
1005 2454 1045 2523 ab
1069 2455 1173 2526 amico
1197 2458 1248 2528 vel

212 2630 215 2640 ,
244 2563 393 2658 proximo
417 2585 456 2629 ac
476 2560 574 2632 fratre
598 2589 659 2634 suo
682 2580 826 2658 repetere
850 2591 918 2634 uon
941 2566 1068 2659 poterit,
1091 2570 1166 2663 quia
1189 2544 1247 2640 au-

245 2699 308 2744 nus
337 2672 539 2743 remissionis
569 2692 620 2744 est
649 2675 787 2760 domini,
817 2701 837 2745 a
862 2679 1036 2772 peregrino
1067 2696 1099 2750 et
1121 2681 1247 2752 advena
1296 2741 1299 2746 ,

246 2785 373 2877 exiges;
398 2800 510 2878 aperte
528 2784 625 2856 docet
639 2790 846 2884 peregrinum
871 2805 905 2859 et
920 2789 1079 2860 advenam
1097 2811 1248 2868 nontam

244 2895 498 2966 misericorditer
510 2901 714 2971 tractandum
731 2926 813 2984 esse,
829 2901 914 2970 sicut
925 2901 1122 2994 indigenam.
1149 2905 1248 2977 Hunc

245 3035 376 3106 quoque
398 3009 606 3104 peregrinum
629 3012 937 3108 superintellexerat,
961 3015 1017 3083 ubi
1039 3015 1098 3086 ait:
1134 3015 1246 3090 Omne

245 3121 335 3218 quod
356 3121 516 3192 muudum
539 3140 590 3194 est
612 3126 774 3197 comedite
798 3125 950 3223 quicquid
973 3127 1178 3198 morticinum
1198 3146 1249 3200 est

244 3259 342 3308 nemo
373 3249 525 3303 vescatur
552 3262 591 3305 ex
627 3263 678 3306 eo.
714 3237 910 3332 'Peregriuo
940 3238 996 3333 qui
1022 3241 1106 3307 intra
1134 3254 1247 3334 portas

203 3444 209 3454 ἱ
242 3345 315 3414 t'uas
346 3359 396 3413 est
425 3344 468 3413 da
491 3361 528 3414 ut
550 3350 716 3434 comedat,
746 3367 802 3420 aut
824 3350 983 3421 vende
955 3378 1000 3435 er,
1029 3351 1103 3446 quia
1130 3369 1166 3420 tu
1187 3379 1247 3448 po·

242 3455 339 3551 pulos
364 3472 496 3526 sauctus
527 3457 650 3530 domiui
674 3461 725 3554 tui
743 3462 854 3568 ²)‹tei
876 3487 922 3532 es.
966 3461 1083 3590 Longe
1106 3487 1248 3574 namque

242 3585 340 3638 autea
361 3567 397 3635 iu
424 3568 488 3638 alio
517 3568 599 3719 libro
619 3578 653 3668 ⁸)
684 3527 847 3646 advenam
875 3573 973 3645 etiam
997 3574 1053 3672 qui
1075 3575 1159 3646 intra
1186 3601 1246 3647 vos

240 3711 443 3726 —·-··
1146 3675 1248 3760 hati-

258 3778 292 3851 1)
310 3763 390 3836 Deut.
408 3778 475 3848 XV,
496 3782 539 3838 23.

257 3903 292 3973 2)
311 3887 547 3977 Dedt.X1V‚al.
617 3975 621 3992 A
679 3970 682 3977 s

190 4029 199 4036 “
257 4023 293 4094 3)
309 4021 375 4082 Lev.
391 4023 481 4098 XVII,
505 4031 545 4088 15.
566 4031 607 4089 16.
