2806 4492
1069 253 1171 320 XXII

116 534 118 538 ‚
142 501 144 508 .
163 433 480 516 commentarios
496 429 598 510 haee
615 431 809 538 repetitio
838 433 971 511 minus
988 432 1166 512 miratio-

162 607 257 666 nem
288 605 457 658 movere
498 592 673 686 potest.‘
707 576 790 658 Sed
829 577 891 657 his
923 580 1055 658 missis
1086 607 1165 687 pro

162 740 282 835 serto,
307 722 516 804 affirmare
557 723 650 805 lieet
694 724 843 806 librum
865 739 974 804 -ante
1014 751 1165 805 annum

162 871 322 952 MCXL
338 870 610 978 compositum
621 885 723 949 esse.
755 868 873 986 iiitra
886 871 995 952 huno
1011 897 1166 956 annum

20 1125 23 1132 ,
163 1013 383 1148 nonfaoile
404 1015 769 1125 progrederemur.

183 1187 187 1194 ·
281 1164 386 1242 Huic
401 1161 624 1272 quaestioni
641 1160 772 1239 altera
786 1158 986 1270 qtaaedam
996 1159 1167 1240 finitima

165 1325 249 1408 eet,
290 1312 389 1386 nu'm
414 1309 559 1388 Petrus
585 1305 932 1385 Introductionem
963 1308 1014 1394 ad
1040 1307 1164 1387 finem

165 1448 404 1562 perduxerit
432 1437 486 1532 an
505 1445 786 1565 imperfectam
811 1455 1094 1562 mutilansque,
1122 1467 1166 1531 ut
1246 1517 1248 1522 .

67 1679 71 1694 ,
164 1627 254 1680 eam
274 1600 317 1678 in
336 1597 511 1677 editione
527 1591 742 1680 parisiensi
759 1593 970 1698 hahemus,
995 1599 1167 1708 relique·
1227 1652 1230 1664 ι

164 1743 249 1822 rit?
307 1746 422 1825 Hane
448 1772 551 1824 vero
576 1745 858 1854 quaestionem
898 1741 1022 1824 modo
1050 1747 1167 1824 attin·

164 1916 287 1999 gere,
323 1917 415 1989 eum
438 1891 686 2000 aliiquoque
717 1917 808 1970 eam
829 1891 1059 1999 attigerint,
1092 1917 1167 1970 neo

165 2052 302 2116 tamen
330 2035 494 2116 uberius
519 2038 708 2146 persequi
737 2037 940 2116 volumus.
978 2039 1017 2113 A
1036 2035 1167 2146 priori

59 2214 61 2218 ·
165 2183 221 2262 iis
229 2182 364 2262 dirimi
382 2210 468 2265 non
482 2171 630 2296 potest.
670 2183 756 2265 Pro
771 2197 945 2290 utraque
959 2181 1067 2260 enim
1083 2182 1169 2289 opi-

164 2329 311 2429 nione,-
343 2328 621 2409 Abaelardum
650 2330 754 2408 libro
784 2331 969 2410 ultimam
998 2331 1166 2406 manum

165 2471 364 2555 addidisse
381 2477 467 2554 sive
486 2469 587 2583 opus
605 2476 813 2582 inceptum
833 2502 916 2553 non
933 2473 1166 2582 perfecisse,

165 2647 307 2702 causas
337 2623 433 2701 satis
462 2650 612 2730 graves
641 2649 885 2716 enumerare
906 2622 1010 2700 lieet.
1050 2619 1168 2701 Utra-

166 2789 243 2876 que
262 2768 401 2875 opinio
418 2766 514 2846 suis·
532 2768 689 2848 laborat
708 2759 1014 2850 difficultatibus.
1068 2767 1168 2846 Bea-

165 2929 230 2994 tus
249 2912 456 2994 'Sanstiius
489 2908 579 2993 stat
602 2887 882 2994 aMabillonii
900 2912 935 2980 ¹⁷)
970 2913 1167 3020 partibuS,

167 3062 235 3170 qui
265 3061 352 3143 sine
380 3060 504 3168 longa
534 3085 749 3140 causarum
778 3059 1087 3140 enumeratione
1105 3061 1166 3137 In·

165 3207 538 3288 troduotionemex
557 3207 775 3286 Abaelardi
795 3233 919 3285 manu
941 3204 1167 3314 perfeetum

165 3351 364 3461 prodiisse
382 3355 523 3434 statuit
548 3352 614 3433 vel
630 3353 763 3460 potius
779 3349 1041 3461 conjectatur.
1088 3351 1166 3450 Ea,

168 3525 271 3608 quae
291 3498 493 3600 deessent,
517 3498 586 3598 ait,
603 3526 627 3577 a
649 3500 824 3608 posteris
840 3499 894 3579 ob
919 3525 1085 3607 sparsos
1105 3523 1168 3576 er-

165 3719 374 3731 *eun-

264 3769 267 3778 ·
306 3751 321 3794 ο

49 3933 52 3944 ¹
170 3858 224 3933 17)
253 3852 484 3933 Mobillonius,
508 3855 674 3920 Admonit.
691 3857 730 3920 ad
747 3858 805 3938 Ep.
822 3863 882 3921 190
896 3855 1055 3925 Bernardi
1067 3859 1167 3943 (Opp.

72 4023 84 4051 s
201 4023 203 4042 ,
254 3964 292 4030 Β.
317 3965 360 4031 Τ.
384 3965 411 4030 Ι.
437 3991 470 4049 p.
493 3971 581 4048 642).
