2798 4486
249 226 397 353 tt*

250 398 364 473 Virtus
392 397 496 484 enim,
518 395 637 494 inquit,
659 395 722 466 nisi
745 393 871 468 difficile
894 397 1073 485 mutabilis,
1098 416 1249 472 nonest.

48 548 51 556 ¹
142 571 144 577 ,
250 510 367 609 Neque
390 511 476 582 enim
499 511 553 607 qui
573 510 673 580 semel
690 511 774 603 juste
788 509 919 604 judicat,
940 514 1044 604 justus
1061 527 1119 595 est,
1141 539 1248 607 neque
1352 519 1360 532 “

250 625 306 722 qui
329 624 429 694 semel
452 622 645 692 adulterium
668 621 756 706 lacit,
778 638 827 692 est
849 621 985 706 adulter,
1008 623 1067 692 sed
1090 650 1164 692 cum
1187 624 1249 693 ista

248 736 399 807 voluntas
424 734 641 829 cogitatioque
663 734 887 828 permanserit.
927 733 1081 829 Optimus
1105 761 1181 804 vero
1200 752 1250 804 est

249 847 303 918 ille
326 841 587 930 animilr'abitus,
612 845 667 941 qui
690 845 733 914 ad
755 871 849 915 verae
872 846 1078 915 beatitudinis
1101 847 1250 915 meritum

249 985 313 1032 uos
341 958 510 1036 informat,
541 957 654 1053 quales
686 972 762 1026 sunt
790 956 936 1050 singulae
964 957 1088 1028 virtutis
1112 959 1247 1052 species,

250 1095 330 1168 quas
361 1069 413 1139 alii
435 1067 562 1163 plures,
590 1068 643 1138 alii
665 1070 835 1163 pauciores
862 1085 1050 1144 statuerunt.
1095 1067 1247 1138 Socrates

248 1183 389 1279 quidem,
411 1177 471 1276 per
493 1206 590 1276 quem
612 1181 750 1275 primum
769 1180 820 1250 vel
841 1181 979 1250 maxime
1002 1181 1134 1251 moralis
1153 1181 1247 1250 disci·

143 1295 148 1316 ’
245 1294 354 1390 pliuae
378 1291 521 1362 studium
544 1292 720 1375 convaluit,
744 1310 884 1389 quatuor
906 1295 1027 1362 virtutis
1051 1294 1176 1388 species
1201 1294 1247 1362 di-

246 1405 396 1498 stinguit:
422 1403 652 1502 l'rudentiam,
672 1405 845 1496 justitiam,
867 1402 1102 1491 fortitudinem,
1125 1423 1246 1501 tempe-

245 1517 391 1589 cantiam.
433 1512 591 1587 Nonnulli
615 1542 691 1606 vero
713 1501 1156 1609 prudentiaediscretionem
1179 1544 1245 1587 ma·

244 1643 328 1698 trem
355 1626 463 1722 potius
494 1627 561 1696 sive
585 1626 742 1719 originem
765 1628 932 1711 virtutum,
963 1653 1058 1722 quam
1088 1629 1245 1712 virtutem,

244 1738 428 1810 nominant.
472 1737 652 1808 Prudentia
682 1731 803 1834 quippe'
825 1757 884 1822 ,est
913 1740 994 1810 haec
1021 1740 1094 1835 'ipsa
1120 1767 1246 1810 morum
1294 1761 1295 1764 ’

245 1833 398 1937 scientia,
422 1875 523 1948 quae,
545 1867 581 1919 ut
604 1866 755 1920 tractatus
780 1851 901 1921 ethicus
925 1852 1037 1934 tradit,
1059 1879 1166 1921 rerum
1189 1855 1246 1922 bo·

193 2031 198 2042 ,
245 1989 362 2033 narum
386 1975 418 2033 et
439 1962 597 2049 malarum
621 1962 755 2046 scientia
778 1962 908 2048 dicitur,
937 1964 1001 2033 hoc
1024 1980 1073 2032 est
1095 1963 1167 2058 ipsa
1189 1962 1257 2032 bo·'

245 2095 365 2146 norum
389 2075 540 2145 discretio
565 2074 630 2145 sive
656 2075 830 2169 malorum,
861 2099 944 2169 quae
974 2075 1122 2143 videlicet
1148 2076 1182 2143 in
1210 2100 1244 2142 se

242 2188 321 2285 ipsis
343 2188 473 2282 proprie
497 2189 585 2257 bona
608 2187 749 2256 dicenda
771 2203 847 2255 suut
868 2203 924 2254 aut
939 2186 1033 2258 mala.
1073 2185 1244 2273 Quaedam

168 2352 170 2360 ι
243 2300 364 2370 etenim
391 2299 480 2368 boua
508 2313 565 2366 aut
593 2297 680 2366 mala
710 2323 748 2364 er
776 2297 827 2364 se'
843 2297 922 2390 ipsis
945 2295 1074 2390 proprie
1100 2312 1131 2364 et
1154 2292 1258 2391 quasi

226 2400 499 2479 'substantialiter
529 2407 692 2491 dicuntur,
721 2423 834 2500 utpote
861 2406 991 2475 virtutes
1015 2408 1104 2500 ipsae
1128 2407 1179 2476 vel
1200 2407 1245 2475 vi·

246 2521 308 2605 tia,
339 2519 501 2614 quaedam
529 2544 606 2588 vero
629 2545 690 2614 per
711 2517 863 2589 accidens
889 2535 920 2586 et
942 2545 1002 2612 per
1024 2517 1121 2587 aliud.
1166 2518 1242 2588 Vel·
1284 2527 1288 2535 '

243 2632 291 2701 uti
315 2658 451 2726 operum
474 2647 660 2701 nostrorum
683 2631 840 2713 actiones,
863 2655 935 2697 cum
958 2630 992 2698 iu
1015 2655 1051 2698 se
1069 2631 1133 2700 sint
1150 2630 1241 2700 indil-

243 2743 396 2827 fereutes,
420 2769 457 2812 er
479 2742 662 2812 intentione
685 2759 804 2825 tamen,
829 2768 866 2811 er
889 2742 1163 2838 qualprocedunt,
1186 2744 1241 2814 bo·

242 2844 306 2948 niae
336 2854 486 2924 dicuntur
515 2870 571 2924 aut
599 2853 716 2924 malae.
760 2853 858 2923 Unde
884 2871 916 2923 et
938 2879 1036 2950 saepe
1060 2882 1134 2924 cum
1156 2857 1241 2924 idem

243 2991 265 3038 a
281 2966 416 3037 diversis
439 2966 553 3060 agitur,
572 2966 622 3036 vel
646 2968 686 3036 ab
705 2966 821 3036 eodem
844 2966 877 3034 in
894 2964 1028 3037 diversis
1045 2969 1240 3062 temporibus

239 3105 302 3174 pro
328 3078 510 3149 diversitate
533 3093 643 3148 tamen
665 3079 891 3161 intentionum,
913 3077 999 3146 idem
1022 3104 1104 3172 opus
1121 3081 1239 3148 bonum

243 3190 359 3260 dicitur
389 3207 485 3286 atque
515 3189 647 3260 malum.
697 3187 794 3277 Quae
823 3214 899 3258 vero
930 3189 1183 3262 substantialiter
1208 3207 1240 3259 et

243 3326 281 3372 ex
303 3301 435 3395 propria
458 3291 684 3370 naturabona
708 3301 857 3369 dicuntur
879 3317 934 3369 aut
949 3301 1045 3384 mala,
1067 3302 1111 3370 ita
1125 3302 1239 3396 imper·

242 3412 342 3483 mixta
364 3413 550 3509 perenniter
571 3427 718 3521 manent,
737 3410 782 3480 'ut
805 3412 893 3506 qnod
916 3411 1017 3480 semel
1039 3412 1161 3482 bonum
1184 3430 1240 3497 est,
1277 3477 1279 3485 ,
1303 3423 1308 3435 ’

242 3523 365 3594 malum
387 3550 553 3620 nunqnam
577 3525 645 3593 lieri
667 3524 782 3618 possit,
805 3523 855 3593 vel
878 3550 895 3592 e
920 3549 1095 3608 convers03
1115 3526 1239 3614 'horum

241 3634 352 3731 itaque
382 3635 458 3729 (sot.
481 3644 535 3709 35.
557 3634 621 3725 R.)
651 3635 799 3704 discretio
831 3637 895 3702 tam
925 3634 1086 3704 bonorum
1112 3636 1239 3724 seilicet,
1265 3671 1267 3676 ·

242 3772 341 3843 quam
364 3746 523 3817 malorum
546 3748 716 3841 prudentia
740 3746 863 3818 dicitur.
903 3742 999 3834 Quae
1024 3746 1155 3841 quidem
1177 3748 1239 3816 dis·
1283 3761 1292 3792 ²

243 3858 362 3942 cretio,
393 3858 470 3953 quia
499 3883 602 3954 aeque
630 3859 791 3952 perversis
819 3872 856 3925 ut
883 3857 978 3926 honis
1001 3857 1109 3930 inesse
1132 3873 1238 3953 potest

243 3968 427 4039 hominibus
451 3994 512 4039 uec
534 3963 682 4041 meritum
705 3968 819 4052 habet,
840 3993 1049 4064 nequaquam
1070 3969 1169 4040 virtus
1191 3970 1237 4042 nel
1263 3982 1267 3993 '
