2806 4492
956 231 958 249 '
1056 237 1212 340 xxm

192 452 381 534 ductione
404 452 478 562 (L,
498 456 538 555 l,
576 470 641 540 15·
665 501 722 552 -ε-
748 453 800 554 ll,
828 454 888 560 7.)
910 451 1039 534 fusius
1067 479 1193 561 expo-

191 599 291 680 sitae
315 615 423 701 sunt,
440 602 672 710 significare
692 591 855 681 videtur
870 600 1092 701 hominem,
1123 603 1192 708 qui

192 745 343 827 librum
370 748 628 856 excerpendo
655 745 723 826 ries
752 747 802 827 ad
828 747 1110 855 philosophiae
1134 746 1193 824 hi-

193 893 361 973 storiam
384 895 636 1003 pertinentes
661 895 854 992 minoris,
885 894 1194 974 demonstratio·

192 1067 286 1120 nem
301 1049 404 1121 vero
420 1041 761 1122 Abaelardianam
786 1038 953 1148 maioris
982 1029 1104 1148 pretii
1129 1054 1194 1120 ae·

192 1186 394 1266 stimabat.
437 1188 584 1297 Neque
601 1191 749 1289 minus,
768 1186 804 1269 si
829 1173 922 1268 lum
942 1188 989 1267 iis
1007 1172 1189 1287 fodimus,

193 1335 260 1443 qui
275 1329 621 1415 introductionem
640 1364 723 1416 non
742 1337 969 1416 absolutam
987 1362 1075 1414 esse
1097 1358 1192 1413 con·

79 1503 87 1516 ‘
192 1471 378 1580 tendunt,
402 1481 502 1561 haec
522 1485 724 1565 sententia
739 1484 891 1563 hahere
909 1481 1087 1578 videtur,
1107 1477 1193 1587 qui·

192 1624 268 1704 bus
284 1625 413 1734 possit
429 1626 601 1709 defendi.
651 1630 696 1711 Si
715 1631 822 1708 enim
853 1617 1094 1735 accipimus,
1125 1623 1194 1707 ali·

193 1798 343 1879 quem,
380 1775 447 1881 qui
477 1776 626 1854 scholis
654 1769 1192 1884 philosophico-theologicis
1242 1775 1248 1794 ‘

97 1929 98 1932 ‘
194 1917 414 1998 Abaelardi
442 1922 694 2023 interfuerit,
724 1923 766 2001 in
793 1923 857 2010 his
887 1921 985 2029 ipsis
1013 1917 1079 1999 vel
1100 1928 1194 2023 post

195 2089 262 2141 eas
280 2059 336 2162 ²⁰³,
361 2083 650 2173 argumentum
669 2095 810 2148 earum
828 2067 1013 2148 breviter
1030 2064 1104 2144 sibi
1122 2061 1194 2140 no.-

192 2222 312 2309 tassc,
331 2211 675 2292 introductionem
689 2205 815 2294 variis
831 2211 930 2293 locis
945 2209 1193 2291 consuluisse
1316 2317 1322 2328 .

194 2369 313 2464 atque
341 2352 426 2465 ejus
454 2383 532 2467 ope
549 2359 759 2440 schedulas
777 2387 869 2439 suas
886 2356 1106 2466 perfecisse
1124 2354 1193 2435 vol

192 2501 412 2582 Abaelardi
435 2505 530 2583 crisi
562 2503 801 2614 subjecisse,
831 2502 1050 2585 similitudo
1074 2516 1194 2612 atque

195 2630 496 2750 dissimilitudo,
520 2679 623 2759 quae
639 2652 747 2732 inter
764 2649 1108 2746 Introductionem
1125 2651 1196 2729 Pe·

143 2900 145 2910 Ι
193 2796 345 2874 trinam
364 2810 485 2905 atque
508 2806 694 2876 nostrum
708 2794 858 2877 librum
878 2793 1106 2894 intercedit,
1130 2820 1194 2872 ae·

192 2966 270 3047 quc
294 2954 414 3049 atque
440 2943 686 3049 aphoristica
703 2939 828 3024 totius
855 2943 965 3042 libri,
996 2965 1100 3050 quae
1127 2935 1194 3018 hic'
1251 3014 1253 3018 Α

191 3084 272 3163 illic
292 3102 515 3195 comparet,
534 3087 681 3188 forma,
708 3084 904 3196 explicari
925 3100 1070 3195 potest.
1104 3082 1194 3166 Sin-

191 3230 384 3336 gulorum
406 3234 527 3316 etiam
544 3237 721 3343 capitum
741 3236 853 3315 initia
877 3233 1103 3326 faciliorem
1124 3231 1194 3312 ha·

190 3372 337 3455 herent
352 3377 744 3489 interpretationem.
768 3377 1043 3463 Nihilominus
1057 3393 1193 3460 autem

144 3629 152 3634 ,
191 3534 332 3601 ⁰08l1'0
352 3523 456 3604 libro
481 3537 667 3615 assevero
690 3526 889 3640 vindicari
908 3539 1057 3638 potest,
1086 3525 1121 3604 si
1139 3524 1193 3603 la-

188 3665 337 3747 tiorem
359 3667 470 3750 illam
493 3675 720 3772 retinemus
745 3682 946 3779 adseveras
970 3673 1192 3771 notionem,
1235 3773 1252 3805 Ι

190 3864 397 3886 ῑ--ιιιΙ--ῃ

190 3985 245 4059 20)
275 3980 344 4047 Cn.
369 4006 397 4047 c.
422 3982 552 4053 XXlll.
578 3991 637 4054 suls
661 3993 767 4059 initio.
874 4005 877 4012 ⁴
951 3931 954 3940 ¹
