2798 4486
123 1479 363 1632 Aspiciebam
381 1536 418 1606 in
433 1535 505 1607 visu
525 1531 648 1620 noctis,
676 1549 709 1604 et
728 1560 806 1606 ecce
824 1535 884 1608 viri
900 1551 976 1622 tres,
998 1535 1127 1608 diverso

36 1735 37 1756 Χ
123 1649 252 1720 tramite
271 1649 448 1732 venientes,
468 1673 579 1718 coram
595 1675 652 1718 me
672 1649 854 1734 astiterunt,
874 1675 956 1745 quos
980 1675 1040 1742 ego
1062 1666 1127 1718 sta·
1182 1721 1185 1729 ,

35 1759 37 1773 '
123 1761 182 1830 tim
200 1764 290 1855 juxta
308 1760 442 1858 visionis
464 1761 611 1846 modum,
634 1761 724 1831 cuius
744 1761 809 1832 sint
828 1750 1054 1858 professionis,
1077 1761 1128 1831 vel

35 1939 36 1946 ,
126 1873 247 1942 carad
270 1897 322 1942 me
347 1873 502 1956 venerint,
523 1873 700 1966 interrogo.
744 1873 906 1944 Homines
930 1899 1053 1955 sumus,
1079 1874 1128 1942 in·
1240 1951 1245 1956 ¹

107 2015 108 2020 ¹
129 1984 250 2080 quiunt,
274 1983 408 2054 diversis
433 1985 507 2054 fidei
530 1983 627 2053 sectis
650 1985 837 2054 innitentes.
876 1983 981 2053 Unius
1007 1986 1127 2080 qnippe

35 2112 37 2161 ς
78 2162 81 2172 ,
126 2095 191 2166 Dei
213 2095 351 2166 cultores
378 2121 451 2166 esse
477 2121 539 2165 nos
563 2121 677 2166 omnes
703 2095 821 2190 pariter
844 2096 1050 2190 profitemur,
1082 2096 1128 2164 di·

125 2231 221 2280 vcrsa
237 2222 344 2276 tamen
360 2208 424 2276 lide
442 2224 474 2278 et
489 2207 554 2278 vita
571 2206 635 2303 ipsi
651 2206 855 2280 famulantes.
895 2205 989 2274 Unus
1008 2208 1128 2303 quippe
1198 2286 1199 2289 Ἴ

123 2334 276 2389 nostrum
300 2319 439 2412 gentilis,
463 2346 500 2389 ex
524 2319 584 2402 his,
608 2345 690 2414 quos
714 2319 928 2414 philosophos
953 2318 1129 2413 appellant,

37 2435 39 2446 ’
124 2430 265 2500 naturali
287 2430 359 2524 lege
384 2446 556 2500 contentus
577 2449 635 2502 est.
673 2431 738 2501 Alii
761 2459 838 2502 vero
864 2431 929 2500 duo
954 2431 1130 2525 scripturas

36 2547 38 2580 ³
125 2541 259 2624 hahent,
283 2568 426 2636 qnorum·
445 2542 526 2612 alter
547 2541 706 2628 Judaens,
729 2544 809 2614 alter
831 2544 948 2614 dicitur
972 2541 1129 2611 Christia-

123 2675 199 2728 nus.
244 2651 312 2722 Diu
337 2669 445 2723 autem
475 2655 515 2724 de
540 2654 674 2725 diversis
703 2657 778 2724 sirim
804 2673 932 2726 nostrae
956 2655 1058 2724 sectis
1083 2654 1132 2722 in-

36 2811 58 2842 t·
122 2765 240 2836 'vicem
265 2764 467 2836 conferentes
498 2784 596 2862 atque
626 2769 877 2854 contendentes,
909 2785 966 2838 tuo
996 2767 1131 2836 tandem

37 2941 38 2970 p
120 2877 247 2974 judicio
272 2877 438 2948 cessimus.
729 2888 732 2894 '

143 3043 144 3052 ,
213 2990 289 3084 EgO
325 3015 422 3086 super
450 2991 532 3061 haec
565 2990 675 3088 itaque
702 2992 917 3072 ¹Vehementer
945 2991 1131 3074 ammirans,
1227 3021 1229 3030 '
1285 3010 1293 3017 ⁸

122 3102 197 3199 quis
216 3103 250 3172 in
270 3101 354 3172 haec
371 3102 461 3196 ipsos
481 3102 642 3174 induxerit
665 3105 716 3175 vel
737 3104 981 3198 congregaverit
1000 3127 1132 3198 quaero,
1201 3111 1203 3116 '

121 3230 159 3284 et
181 3214 319 3284 maxime
351 3241 409 3284 cur
428 3215 587 3286 vinhaec,
604 3244 656 3286 me
678 3217 818 3310 judicem
842 3216 1019 3308 elegerint?
1060 3215 1132 3284 'Re-

120 3325 298 3420 spondens
320 3343 429 3396 autem
450 3327 684 3424 philosophus:
708 3354 790 3413 mea,
813 3325 926 3423 inquit,
950 3352 1050 3421 opera
1071 3328 1134 3396 hoc
1234 3319 1235 3322 Ἴ

119 3453 176 3507 est
197 3437 372 3531 inceptum,
397 3441 551 3534 qnoniam
571 3442 604 3511 id
628 3469 789 3510 summum
812 3457 861 3510 est
880 3439 1135 3534 philososopho-
1188 3523 1191 3532 Ι

54 3641 57 3644 ¹
116 3577 214 3632 rum,
245 3549 424 3620 rationibus
448 3553 614 3623 veritatem
637 3554 831 3649 investigare
861 3568 893 3620 et
922 3551 963 3618 in'.
982 3551 1133 3619 omnibns

115 3687 195 3731 non
217 3660 405 3756 opinionem
424 3663 603 3751 hominnm,
627 3667 686 3736 sed
701 3660 836 3735 rationis
856 3662 950 3756 sequi
972 3661 1134 3731 ducatum.

114 3771 323 3846 Nostrorum
343 3775 452 3870 itaque
473 3777 596 3847 scholis
620 3779 719 3850 eorde
739 3778 881 3847 intentus
907 3789 1025 3843 ettam
1045 3772 1134 3866 ipso-

112 3874 199 3955 rnm'
220 3885 400 3970 nationibus
425 3913 522 3982 qnam
545 3888 788 3961 auctoritatibus
813 3887 969 3968 eruditus,
997 3883 1040 3952 ad
1063 3907 1133 3950 mo·

110 3995 226 4068 talem
245 3997 379 4068 tandem
401 4025 454 4070 mc
471 4001 593 4072 contuli
610 4000 861 4098 philosophiam,
884 4021 967 4092 qnae
989 3993 1135 4066 omnium
1191 4027 1193 4035 ·
1229 4072 1231 4077 ,

252 4119 254 4123 ’
913 4120 929 4181 1
