2740 4486
0 151 1 166 i

0 201 1 226 p
349 209 352 215 ι

0 231 1 246 ¹
118 265 119 272 ἵ
162 240 166 264 i
253 263 306 340 m
382 249 390 265 x

256 433 362 504 colina
389 432 477 514 Del,
511 435 604 517 cnjus
638 446 762 498 tamen.
779 434 913 516 spiritns
946 436 979 498 in
1010 433 1062 500 bin
1091 435 1251 516 fidelibor,

257 569 340 636 quon
354 547 435 627 vult,
458 545 613 632 loquitur,
637 550 708 629 ipro
721 559 914 627 attestante,
937 552 993 631 qni
1005 553 1064 628 ait,
1088 573 1152 615 non
1169 555 1251 616 eninr
1283 547 1287 552 ’
1368 633 1369 642 ¹

255 683 318 729 von
347 661 448 738 estin,
478 657 734 742 qni'loqnimini
763 663 823 725 sed
852 665 987 747 piritna
1017 666 1119 746 patria
1142 667 1251 744 vestri,

256 777 313 860 qni
332 774 479 857 loquitur
500 774 535 836 in
547 771 655 836 vobis.
691 770 914 856 Hieronymus
927 797 1026 857 anper
1038 775 1249 842 ecclesiasten

256 887 336 953 dicit
348 906 446 970 snper
461 906 534 949 cnm
547 883 670 960 locum,
694 885 874 970 qni[s].scit
885 889 1019 968 spiritns
1032 887 1176 954 filiorum
1197 886 1263 979 bor
1281 918 1287 947 ι
1360 871 1364 892 ³

255 999 396 1078 minum,
428 1000 458 1064 ei
480 997 638 1063 ascendat
659 1019 807 1079 aurnum,
838 1013 873 1063 et
893 1003 1026 1084 spiritns
1048 1006 1178 1086 pecoris
1201 990 1254 1068 de·

255 1112 393 1180 acendat
427 1111 580 1193 deorsum
611 1111 647 1174 in
673 1122 773 1176 terra.
813 1110 907 1179 Illud
941 1116 1026 1197 quod
1050 1117 1252 1196 dictumest,

256 1227 505 1314 generationem
532 1226 605 1309 ejus
646 1226 718 1307 quie
759 1225 946 1292 enarrabit?
998 1228 1040 1293 ad
1071 1229 1252 1312 exemplum
1311 1225 1316 1256 ¹

257 1339 395 1406 difficile
429 1360 495 1403 non
526 1337 731 1421 impossibile
761 1339 883 1418 trabit,
915 1342 1027 1405 dicens
1051 1341 1252 1426 adjiciendo:
1368 1349 1369 1376 ³

257 1453 342 1538 quio,
366 1449 596 1518 difficultatem
618 1455 667 1515 rei
690 1451 794 1517 voluit
816 1455 1054 1520 demonstrare.
1100 1454 1175 1519 Hoc
1197 1477 1251 1519 no·
1368 1481 1369 1502 ¹

255 1589 332 1634 men
353 1570 440 1633 enirn
462 1567 547 1650 qnia,
567 1567 603 1632 in
619 1567 786 1649 scripturis
803 1569 942 1647 canetis,
965 1589 1031 1631 non
1053 1590 1111 1650 pro
1134 1571 1253 1652 impos·
1368 1549 1369 1634 i

255 1679 346 1746 sibili
364 1682 433 1746 aad·
444 1702 502 1763 pro
511 1679 645 1745 'difficili
663 1702 792 1762 semper
808 1684 978 1763 accipitur,
1001 1695 1054 1745 nt:
1065 1685 1250 1768 generatio·

257 1815 333 1860 near
355 1797 428 1878 ejus
451 1795 524 1882 quis
546 1793 725 1872 enarrabit,
746 1794 782 1858 id
804 1807 855 1858 est
876 1793 1009 1860 Christi.
1039 1793 1139 1859 Haec
1156 1799 1253 1860 etiam
1368 1843 1369 1846 ,

255 1908 439 1990 sapientiae
458 1910 680 1972 coaeternitas
713 1930 784 1974 curn
813 1921 906 2002 patre
939 1905 1094 1991 plancio
1116 1909 1254 1974 Prorcr·
1368 1887 1369 1890 Ἴ

254 2017 320 2086 biir
343 2032 543 2086 monstratur
564 2019 617 2086 bis
639 2020 766 2087 verbis:
805 2023 877 2109 Ego
901 2025 1064 2110 sapientia
1086 2022 1198 2086 habito
1219 2025 1255 2086 in

160 2204 173 2229 ,
255 2133 410 2214 consilio,
431 2133 583 2198 dominns
605 2136 754 2220 possedit
775 2157 827 2200 me
849 2138 944 2200 initio
968 2138 1094 2200 viarum
1111 2157 1255 2213 suarum,
1368 2125 1369 2174 t

256 2255 431 2334 anteq'nam
452 2249 626 2334 quicquam
649 2247 774 2313 faceret
796 2272 816 2313 a
830 2251 1002 2334 principio.
1047 2248 1098 2312 Ab
1118 2261 1255 2312 aeterno

257 2361 407 2427 ordinata
435 2373 531 2440 aunt,
562 2372 639 2424 ante
673 2362 777 2426 colles
807 2385 868 2447 ego
897 2361 1122 2447 parturiebar,
1150 2361 1257 2426 adbuc

256 2485 377 2538 terram
400 2495 466 2538 non
487 2474 616 2540 fecerat
637 2488 672 2540 et·
685 2475 835 2539 cardines
857 2473 946 2538 orbis
962 2486 1083 2540 terrae.
1114 2472 1257 2550 Quando
1300 2487 1324 2543 Ι

256 2577 476 2673 praeparabat
495 2586 610 2652 coelos
632 2588 776 2666 aderam,
802 2589 931 2671 qnando
955 2587 1163 2673 appendebat
1181 2587 1258 2650 inn-

256 2702 444 2768 damcntnm
466 2714 574 2766 ter-rae
599 2723 670 2766 cnm
696 2723 736 2764 eo
768 2723 878 2780 cram,
912 2714 1030 2766 cuncta
1059 2723 1259 2784 componens

112 2781 144 2822 '⁴
256 2830 292 2882 et
319 2813 512 2881 delectabar
541 2836 601 2900 per
630 2813 781 2902 cingulos
815 2815 885 2879 dies
918 2813 1037 2878 ladano
1075 2836 1184 2880 coram
1217 2837 1260 2880 eo

257 2931 347 2996 omni
378 2941 535 3011 tempore.
586 2925 674 3002 Quid
710 2930 799 2992 enirn
831 2929 975 3011 apertius
1012 2927 1058 2990 ad·
1089 2941 1263 2993 aeternam

256 3027 507 3132 penetotione'nr
527 3041 639 3122 verbi,
668 3063 764 3126 qnam
787 3041 840 3120 id,
864 3041 950 3124 qnod
973 3053 1106 3104 aeterna
1128 3043 1263 3123 sapien·
1368 3041 1369 3046 ’

257 3158 304 3221 tia
314 3153 464 3240 perbibet
482 3155 555 3242 [se]
573 3168 650 3220 ante
662 3154 773 3220 mnndi
788 3155 1054 3218 constitutionem
1066 3167 1264 3237 conceptam

258 3255 339 3336 erse
356 3279 389 3332 ct
409 3270 581 3352 parturiri,
614 3289 652 3332 ne
681 3289 752 3332 cnm
779 3279 874 3350 patre
898 3266 1110 3332 aeternaliter
1130 3287 1265 3350 perma-
1333 3295 1336 3307 ·
1368 3325 1369 3334 ,

257 3391 390 3448 nentem
413 3401 542 3463 semper
562 3379 677 3446 ludere
705 3401 816 3445 coram
839 3401 891 3444 eo.
936 3377 1064 3464 Quippe
1078 3381 1265 3464 lcumsscon-
1367 3351 1369 3382 r

259 3503 386 3578 ceptum
407 3484 597 3574 parturitur,
619 3495 733 3576 utique
754 3494 788 3556 in
811 3495 884 3575 ipso
907 3505 969 3572 eat,
994 3515 1013 3557 a
1035 3515 1098 3576 qno
1121 3512 1267 3578 genera·

258 3612 311 3666 tur
332 3615 366 3667 et
387 3606 549 3687 snpientia
562 3607 603 3670 in
626 3608 699 3689 ipra
720 3603 906 3672 substantie
933 3606 1004 3670 sive
1032 3605 1180 3670 essentia
1201 3623 1268 3685 po-

259 3718 384 3781 tentiae
406 3729 477 3796 est,
506 3738 579 3782 cnm
600 3717 674 3801 ipsa
694 3716 824 3782 scilicet
853 3717 1012 3800 quaedam
1034 3717 1268 3799 potentia-nit,
1357 3707 1362 3722 '

259 3830 345 3895 nicnt
371 3831 535 3914 posteriue
565 3829 787 3896 ostendemus.
834 3827 921 3896 Tale
953 3841 1005 3894 eat
1026 3851 1106 3914 ergo
1128 3833 1270 3914 eapien-

258 3941 339 4008 tiam
368 3945 559 4028 conceptam
587 3945 741 4028 parturiri
773 3941 909 4024 aneo,
940 3964 979 4008 ac
1006 3944 1036 4008 ei
1058 3942 1269 4020 dietnmait,
