2740 4486
59 490 60 496 ,
125 455 182 517 per
204 449 328 518 partem
350 432 476 516 isreel,
498 435 597 498 tertio
618 447 716 516 super
737 445 850 500 totum.
896 433 1019 501 Eodem
1037 457 1117 518 quoa
1201 431 1202 438 '

42 573 45 577 ’
126 569 189 630 que
211 549 307 611 modo
322 549 542 630 unusquisqne
560 546 765 612 Christianus
784 561 834 611 ter
851 552 992 634 ungitur,
1013 554 1117 632 primo'

42 664 44 672 ’
126 661 168 723 ad
190 659 444 739 inchoationem,
471 663 509 723 iu·
529 660 722 742 baptismate
746 660 964 738 soiiioet,'ubi
985 677 1119 744 percute

127 775 352 852 dimittuntur,
375 774 518 836 seeundo
533 776 567 836 in
583 755 850 852 confirmatione,
873 774 928 838 ubi
942 777 1027 840 dona
1045 801 1119 862 gru·

128 890 192 952 tiae
215 888 447 965 conferuntur,
477 871 574 950 tortio
603 888 637 950 iu
660 889 779 966 exitu,¹
804 879 860 952 ubi
881 889 937 952 vel
958 891 1068 955 omnia
1091 893 1121 956 si

128 1023 193 1084 qua
213 1013 288 1063 sunt
314 1012 466 1082 peecata,
495 999 551 1064 vel
577 1019 689 1066 eorum
711 1002 853 1064 niaxima
874 1023 949 1088 pars
981 1003 1121 1077 deletur.¹
1188 1036 1191 1048 ι

213 1109 397 1177 Videndum
428 1113 548 1196 igitur,
579 1134 661 1196 quae
689 1135 762 1192 reo,
791 1135 873 1196 quae
901 1116 945 1178 sit
975 1115 1123 1180 efficacia

131 1225 227 1310 hujus
257 1226 472 1304 sacramenti,
501 1236 609 1289 utrum
637 1226 725 1290 idem
752 1227 796 1290 sit
825 1249 878 1291 res
909 1239 943 1291 et
972 1229 1124 1296 efficacia

129 1341 304 1423 onomius
325 1339 411 1402 inter
430 1359 467 1402 se
485 1327 626 1403 diversa.
662 1337 714 1402 Ad
731 1338 816 1421 quod
832 1339 1015 1420 dicendum,
1039 1343 1125 1426 quod

131 1453 290 1536 quaedum
318 1462 598 1515 sacramentorum
630 1452 664 1514 in
694 1449 757 1514 hoo
787 1457 1004 1533 conveniunt,
1039 1453 1124 1537 quod

132 1564 286 1630 videlieet
316 1564 384 1629 alia
421 1575 473 1626 est
505 1585 616 1628 eorum
646 1563 797 1630 efficacis
830 1579 864 1630 et
894 1565 984 1630 uliud
1014 1589 1126 1634 eorum

129 1701 197 1744 res.
232 1676 401 1754 Quaedam
424 1678 559 1740 veroin
586 1675 649 1740 hoo
679 1677 881 1760 discrepant,
913 1680 1024 1760 utpote
1047 1679 1127 1762 bap·

131 1793 245 1856 tismus
268 1791 355 1855 idem
378 1789 478 1855 habet
509 1811 579 1854 rem
600 1800 634 1852 et
663 1791 827 1854 effectum.
878 1784 1143 1858 Sacramentum¹
1225 1776 1228 1782 ¹

132 1928 211 1970 vero
236 1905 350 1968 ultoris
372 1925 438 1967 non
464 1905 513 1967 sio
541 1923 578 1966 so
607 1903 718 1967 habet.
764 1902 847 1968 Cum
869 1906 954 1969 enim
976 1907 1061 1970 idem
1085 1909 1128 1970 sit

132 2041 187 2084 res
210 2031 243 2083 et
263 2018 347 2102 quod
364 2017 489 2095 efficit,
520 2027 627 2080 tumen
649 2015 739 2079 aliud
761 2015 865 2079 efficit
887 2033 1128 2084 sacramentnm

133 2131 267 2210 altaris,
291 2131 332 2194 de
355 2151 418 2214 qua
440 2129 589 2192 efficacia
604 2131 758 2212 superius
781 2130 981 2194 ostendimus
1004 2131 1129 2196 suffici-

135 2261 248 2324 enter,
277 2257 310 2306 et
331 2241 398 2306 ulio
426 2255 477 2306 est
497 2263 550 2305 ros
573 2243 658 2324 ejus:
703 2239 863 2305 Similiter
893 2256 926 2307 et
956 2242 1052 2327 hujus
1075 2267 1129 2308 su·

135 2358 293 2422 crementi
318 2355 384 2419 alia
413 2367 463 2418 est
493 2375 547 2418 res
576 2365 609 2417 et
630 2352 698 2417 ulia
721 2354 891 2429 efficaciu3
921 2377 976 2418 res
1000 2357 1128 2435 eadem,

136 2493 219 2554 quae
242 2480 275 2532 et
297 2469 493 2532 recrementi
516 2466 644 2530 altaris.
680 2463 764 2531 Nam
783 2489 848 2530 uon
865 2465 929 2530 hoo
945 2489 1130 2532 sacromen-

135 2598 214 2659 tum,
233 2581 318 2664 quod
333 2580 450 2665 figurat
463 2587 523 2659 2⁵),
546 2578 605 2642 sed
623 2581 766 2643 ostendit
780 2579 902 2644 suetum
917 2603 1004 2645 esse.
1035 2580 1131 2645 Prius

136 2697 295 2778 siqnidem
318 2704 370 2756 est
399 2692 518 2775 uliquis
547 2691 725 2755 membrum
756 2692 897 2772 Christi,
929 2695 1014 2777 qnod
1040 2695 1077 2758 fit
1097 2696 1132 2759 in

136 2806 316 2888 baptismo,
351 2805 447 2886 quam
471 2804 512 2866 ad
536 2806 815 2868 consecrationem
838 2803 953 2870 altaris
985 2809 1130 2873 accedat.

135 2917 296 2986 Similiter
313 2930 390 2981 unte
409 2928 459 2980 est
473 2909 657 2980 membrum
667 2915 806 3009 Christi2
819 2895 922 3000 ¹quum
941 2920 989 2980 sio
1004 2941 1131 3004 ungue-

137 3045 200 3096 tur.
241 3033 307 3097 Per
329 3030 478 3116 singulos
509 3049 637 3112 quoque
666 3050 783 3094 sensus
813 3028 895 3093 haee
922 3033 1032 3094 unctio
1060 3032 1134 3096 fieri

136 3144 253 3224 debet,
279 3157 316 3208 ut
338 3162 549 3228 quaecunque
579 3139 730 3204 sensibus
760 3153 835 3202 sunt
862 3156 1066 3224 perpetrata3
1090 3167 1135 3210 ex

136 3273 207 3325 toto
236 3257 291 3323 vel
322 3280 363 3322 ex
392 3257 535 3321 maxima
562 3266 654 3335 purte
682 3255 901 3319 remittantur.
951 3257 1003 3321 De
1034 3261 1135 3326 itern-

136 3376 228 3438 tione
261 3369 439 3436 seeundum
470 3367 619 3430 diverses
655 3368 907 3431 consuetudines
938 3368 997 3432 fiet
1029 3371 1136 3436 eccle·
1207 3374 1209 3378 ’

136 3490 270 3553 siarum.
313 3481 456 3546 Iacobus
487 3482 573 3544 euim
603 3481 675 3543 oum
707 3480 814 3544 dicut:
848 3481 1035 3548 infirmatur
1063 3488 1137 3568 quis

135 3604 172 3666 in
199 3597 294 3663 vobis
324 3596 458 3659 inducat
486 3573 697 3676 presbyteros
727 3593 890 3658 ecelesiae
922 3608 956 3659 et
984 3611 1132 3684 unguent

137 3733 212 3780 eum
240 3722 273 3774 et
304 3709 388 3772 bene
412 3705 564 3785 habebit,
594 3725 661 3769 nou
681 3707 812 3771 videtur
835 3706 1027 3788 prohibere,
1059 3714 1137 3792 quin

136 3835 313 3916 repetatur.
355 3820 408 3885 De
429 3818 738 3904 majoribus‘enim,
768 3834 804 3884 ut
834 3819 994 3902 baptismo
1018 3823 1138 3886 confir·

137 3937 282 4005 irratione
305 3943 339 4000 et
359 3932 476 4000 ulteris
497 3945 724 4016 sacramento,
753 3931 876 4000 dietum
905 3943 975 4017 est,
1005 3934 1136 4006 nullum'
