2774 4486
499 147 821 222 *lo-

116 329 206 394 tione
221 325 443 414 eaque‘msgis
465 328 505 391 ad
522 327 620 393 unius
643 326 805 412 dogmatis
823 324 1001 415 perlectam
1020 321 1203 415 expositio-

117 453 194 496 nem
222 430 369 495 restricta
400 429 583 507 habendam
612 451 692 495 esse.
728 427 791 496 ΙΑῑ
820 449 882 514 ego
911 428 1053 512 ingenue
1085 425 1205 505 fateor,

114 544 259 617 utroque
275 531 362 597 libro
375 543 528 596 accurate
548 531 736 596 examinato
756 530 842 594 hane
861 531 1053 618 opinionem
1069 544 1135 596 ¹tam
1153 534 1204 598 in·

116 645 240 698 certam
256 633 337 699 mihi
351 635 454 698 visam
468 656 549 712 esse,
563 643 597 698 ut
609 633 649 698 ad
660 634 759 722 plane
770 633 969 698 contrariam
984 647 1204 718 transgressus

116 734 397 801 introductionem
417 736 527 801 serius
550 735 705 830 scriptam
726 733 973 820 theologiaeque
995 739 1205 803 retractatio-

117 861 194 901 nem
217 837 411 902 existimem.
452 838 580 923 ⁴Neque
604 835 668 901 hue
688 835 818 902 silentio
839 841 1118 924 praetereundum
1144 855 1204 918 est,

116 939 238 1006 librum
254 940 412 1027 epitomes
425 938 736 1026 nominesuperiori
749 961 837 1004 anno
847 940 968 1027 publici
982 942 1063 1006 iuris
1078 943 1204 1009 lactum

118 1039 194 1130 (cha
208 1043 297 1108 Nota
314 1043 384 1125 14),
412 1065 510 1126 quem
534 1041 569 1107 in
586 1041 648 1106 hoe
661 1042 735 1128 ipso
751 1042 1086 1126 negotio-adhibitum
1101 1047 1142 1110 iri
1161 1071 1203 1110 eo

117 1145 238 1209 certius
253 1145 509 1234 exspectaveris,
536 1165 601 1229 qno
619 1143 725 1209 maius
742 1143 886 1231 pretium
905 1145 946 1208 ab
964 1146 1091 1211 editore
1109 1151 1204 1236 operi

116 1269 192 1312 ase
212 1248 359 1335 primum
384 1245 551 1331 divulgato
573 1247 785 1312 constitutum
808 1245 924 1324 luerit,
953 1245 1204 1334 inscriptorum

117 1349 407 1416 Abaelardeorum
430 1370 608 1413 numerum
626 1371 679 1412 me
700 1371 768 1414 non
783 1350 954 1435 recepisse.
1000 1349 1128 1416 Etenim
1145 1353 1205 1416 etsi

118 1474 185 1516 non
203 1473 336 1516 omnem
351 1451 521 1516 utilitatem
538 1449 568 1514 ei
584 1450 863 1527 abiudicaverim‚
891 1449 955 1514 boc
976 1462 1084 1515 tannen
1108 1476 1126 1516 a
1149 1477 1223 1519 me„

118 1554 298 1640 impetrare
324 1576 392 1618 non
417 1553 529 1638 potui,
563 1563 597 1616 ut
617 1575 694 1616 eum
721 1576 784 1640 pro
805 1551 952 1638 genuino
979 1575 1205 1638 agnoscerem,

118 1657 275 1741 quoniam
299 1654 467 1720 authentia
490 1677 557 1718 non
582 1653 743 1718 eiusmodi
765 1655 968 1739 argumentis
993 1657 1118 1721 munita
1135 1681 1205 1722 esse

119 1760 303 1840 videbatur,
319 1779 402 1844 quae
418 1755 636 1821 dubitationes
652 1757 873 1835 tollerent18).
914 1757 1205 1840 Acquiescendum

118 1860 219 1947 igitur
241 1871 288 1925 est
313 1859 347 1924 in
369 1859 496 1924 duobus
516 1857 581 1922 illis
602 1859 771 1946 operibus,
800 1881 884 1945 quae
906 1859 1207 1946 quomodocunque

118 1964 160 2028 de
184 1985 303 2028 eorum
327 1972 430 2026 aetate
451 1959 665 2042 indicaveris,
696 1962 825 2027 interna
854 1961 929 2027 linis
956 1962 1208 2048 argumentique

118 2064 357 2130 necessitudine
376 2064 419 2128 ita
441 2065 730 2140 coniunctasunt,
767 2077 894 2130 utssnno
920 2064 1106 2150 eodemque
1131 2067 1206 2129 loco

117 2166 234 2232 haberi
255 2170 394 2256 possint,
416 2168 570 2254 quocirca
592 2170 747 2255 neglectis
761 2166 1030 2256 inscriptionibus
1047 2167 1086 2230 ad
1105 2169 1207 2232 libra-

118 2271 249 2336 riorum
264 2270 472 2339 editornmve
486 2271 661 2336 arbitrium
678 2269 862 2335 referendis
883 2292 950 2334 uno
972 2292 1009 2334 ea
1021 2269 1207 2355 theologiae

118 2373 213 2450 titulo
227 2375 419 2460 complexus
434 2373 515 2438 nihil
529 2397 582 2438 me
595 2373 706 2438 lacere
719 2371 878 2458 suspicor,
892 2394 957 2455 quo
974 2374 1006 2436 in
1023 2376 1207 2440 multorum

119 2475 412 2563 reprehensionem
428 2477 608 2542 incurram.
652 2476 770 2560 Neque
783 2496 919 2552 vereor,
943 2497 984 2538 ne
1001 2477 1075 2560 quis
1089 2501 1128 2540 eo
1143 2501 1207 2541 no-

120 2580 211 2648 mine
225 2601 279 2642 me
294 2577 477 2665 vituperet,
500 2578 585 2662 quod
611 2575 732 2640 horum
751 2576 908 2640 duntaxat
925 2575 1208 2666 librorum-prin·-

119 2680 207 2768 cipia
229 2680 353 2765 ingenii
376 2677 579 2745 Abaelardei
608 2678 910 2764 quasi-mensuram
932 2677 1069 2759 faciam,
1102 2704 1207 2767 quum

120 2784 327 2868 reliquorum
355 2781 454 2858 etiam
481 2779 666 2869 exploratio
693 2800 851 2866 magnum
875 2783 1047 2868 proposito
1076 2784 1208 2848 emolu-

121 2897 270 2950 mentum
285 2884 424 2951 allatura
441 2895 473 2948 et
487 2883 549 2948 hoc
564 2883 696 2969 quidem
711 2894 836 2948 certum
850 2887 902 2958 sit,
923 2885 1207 2952 introductionem

115 2990 234 3054 saltem
258 3010 331 3051 nou·
346 2989 509 3071 integram
531 2977 738 3052 adnostram
753 2999 891 3055 aetatem
907 2989 1111 3073 pervenisset
1136 2988 1208 3052 ¹Et·

121 3092 211 3156 enim
243 3091 395 3174 quamvis
421 3089 541 3154 infitias
566 3113 633 3154 nun
657 3112 748 3166 eam,
785 3090 938 3178 inprimis
964 3089 1207 3167 commentarii,

120 3194 246 3260 ethicae
261 3205 358 3278 atque
370 3192 492 3278 dialogi
504 3207 737 3276 argumentum
755 3192 841 3258 haud
860 3193 941 3258 levis
957 3193 1119 3258 momenti
1138 3215 1209 3256 esse

120 3309 217 3382 atque
237 3297 378 3360 multum
400 3295 567 3361 interdum
590 3295 672 3359 lucis
690 3295 918 3383 suppeditare,
946 3307 1058 3360 tamen
1075 3293 1108 3358 in
1125 3315 1208 3358 con-

121 3397 282 3464 troversia
298 3421 365 3462 esse
380 3398 509 3484 nequit,
531 3400 640 3486 ipsum
654 3399 790 3463 Petrum
805 3397 866 3462 soli
881 3396 1065 3482 theologiae
1079 3406 1208 3484 tanturn

70 3580 73 3585 ¹
121 3503 264 3588 pretium
286 3501 432 3564 statuisse
455 3512 552 3584 atque
573 3501 607 3565 in
630 3500 747 3566 ceteris
766 3499 939 3588 operibns,
969 3500 1031 3564 ubi.
1046 3498 1087 3564 de
1109 3498 1208 3562 rebus

121 3603 161 3666 ad
186 3602 401 3686 dogmaticam
427 3603 664 3690 pertinentibus
690 3603 864 3667 dicendum
887 3613 984 3680 esset,
1012 3601 1055 3666 itu
1075 3600 1113 3663 ad
1133 3622 1207 3663 earn

12 3706 14 3712 ’
117 3727 337 3792 provocasse,
358 3716 393 3768 ut
414 3704 597 3770 luculenter
610 3703 828 3792 significaret,
849 3704 974 3789 siquae
989 3704 1091 3779 bona,
1115 3701 1208 3767 utilia

117 3863 123 3875 '·
192 3857 239 3924 18)
262 3859 337 3912 Haec
354 3861 480 3913 hocloco
497 3857 640 3914 indicanda
689 3859 749 3912 llari
784 3875 901 3912 exmnsu
933 3857 966 3910 ad
995 3857 1095 3909 calcem
1123 3845 1208 3908 libelli

124 3927 248 3996 lucenam
281 3930 479 3998 comprobanda
500 3927 530 3987 in
552 3947 652 3998 pecus
672 3928 859 3984 „subiicienda
879 3926 1053 3994 nitrien-nisi·
1138 3949 1139 3952 ¹
