2774 4486
223 269 234 284 ’
269 277 353 352 tte

271 459 426 532 peccate,
460 463 554 532 qnae
573 446 678 531 pudor
709 460 761 514 est
791 447 953 514 confiteri.
1007 448 1050 514 lit
1077 447 1272 516 nottestan

272 563 335 629 hoo
357 561 563 628 idemmodo
586 563 634 626 ibi
656 563 697 627 de
719 565 934 628 sacrementis
960 562 1142 628 confirmet.
1187 563 1272 628 Gre-
1357 601 1358 604 =

231 721 233 726 .
260 678 383 762 ,gorius
413 698 541 768 quoquc
575 676 660 755 hanc
693 699 792 760 sopor
824 676 887 740 hoc
913 671 1111 740 ‘sententiam
1132 676 1271 759 profert,
1357 649 1358 676 ἓ

271 791 356 872 quod
385 787 511 854 nullum
543 802 596 854 est
625 789 833 854 manifestius
869 790 1025 853 indiciam
1065 790 1271 854 remissionis

269 891 395 984 peccati
418 925 514 986 qoam
535 903 711 986 lacrymae,
736 907 813 988 quia
834 925 877 968 ex
905 924 968 986 quo
991 923 1070 984 prae
1087 903 1187 964 nimio
1211 900 1270 964 do·

269 1013 344 1080 lore
365 1019 493 1096 peceati
514 1019 549 1080 in
571 1015 734 1098 lacrymas
757 1017 828 1098 quis
850 1003 1046 1097 prorumpit,
1068 1025 1200 1078 certum
1219 1023 1271 1078 est

272 1129 303 1192 ei
325 1141 493 1210 peccatum
514 1129 790 1194 essedimissum.
832 1125 1020 1192 Notandum
1037 1139 1160 1205 temen,
1183 1127 1270 1209 quod

271 1242 300 1304 si
322 1243 425 1323 pudor
445 1243 505 1308 ille
528 1243 572 1308 ed
591 1247 754 1326 propriam
774 1259 949 1326 personam
969 1242 1132 1307 referatur
1158 1261 1290 1324 snper·-

270 1351 326 1418 bia
349 1367 418 1434 est,
447 1359 478 1418 si
503 1375 585 1420 vero
608 1359 650 1420 ed
678 1356 856 1437 ecclesiam
887 1357 1091 1437 dispensatio
1114 1353 1270 1442 salubris.

270 1465 366 1532 Unde
388 1471 417 1531 si
440 1468 560 1551 aliquis
584 1491 656 1534 oum
677 1491 782 1534 uxore
810 1471 965 1552 principie
993 1479 1184 1551 peccasset,
1212 1463 1295 1530 velt

73 1592 80 1605 ‘
195 1613 199 1636 t
272 1579 340 1644 tale
370 1581 492 1663 aliquid
522 1581 674 1661 fecisset,
708 1584 792 1664 qood
823 1584 854 1646 si
881 1584 982 1648 sciret
1011 1579 1154 1644 ecclesia
1192 1577 1271 1642 inde
1357 1619 1358 1652 ἒ

270 1693 461 1758 scandalum
482 1707 666 1777 pateretur,
702 1709 735 1760 ct
768 1697 972 1761 conscientia
993 1715 1054 1758 sua
1075 1696 1108 1756 oi
1130 1703 1272 1756 testare·

269 1818 332 1883 tor,
357 1807 441 1888 qood
465 1809 495 1870 si
515 1807 716 1889 parochiano
739 1828 798 1871 suo
822 1807 946 1870 diceret
966 1806 1020 1870 vel
1044 1806 1143 1870 etiam
1169 1802 1271 1868 elicui

272 1916 375 1982 celari
397 1935 461 1982 non
483 1927 608 2001 posset3
634 1922 663 1984 si
683 1919 759 1997 hac,
782 1921 926 2002 inquam,
951 1918 1195 1999 dispensatione
1216 1934 1275 1980 re-

270 2035 407 2110 ticeret,
441 2052 506 2096 non
536 2045 668 2114 propter
689 2031 751 2096 hoc
774 2029 1188 2110 aeternaliterpuniretur.
1233 2025 1275 2094 Si

268 2167 350 2222 roro
371 2157 503 2226 propter
524 2167 615 2210 suam
642 2141 806 2227 propriam
839 2163 1017 2224 personam·
1047 2139 1110 2203 hoo
1130 2138 1271 2213 laceret,

271 2279 314 2320 ne
336 2257 465 2321 scilicet
485 2258 618 2321 infamis
641 2270 676 2320 et
697 2255 929 2319 contemtibilis
953 2252 1038 2334 opud
1059 2250 1145 2316 alios
1162 2247 1272 2326 ficret,

272 2369 425 2452 superbia
446 2371 576 2455 quidem
599 2382 633 2435 et
654 2369 752 2434 valde
774 2365 960 2432 damnabile
982 2376 1084 2430 osset.

618 2651 724 2736 Caput
743 2649 924 2718 xxxvrr.

571 2787 615 2852 De
638 2804 751 2860 operum
773 2789 975 2842 satisfactione.
1046 2861 1049 2868 Δ

255 2933 261 2944 “
357 2939 441 3006 Viso
465 2937 505 3002 de
531 2937 638 3001 cordis
660 2937 868 3013 contritione,
893 2934 1024 3000 deeris
1049 2935 1274 3014 confessione,

190 3029 193 3035 Ι
276 3059 316 3122 de
340 3074 471 3136 operum
500 3051 727 3116 satisfactione
749 3049 952 3124 videamus„
975 3069 1058 3130 qaae
1081 3050 1192 3133 utique
1214 3047 1276 3111 ed-

276 3170 408 3235 modnm
429 3165 522 3232 utilis
535 3176 597 3228 cst
616 3175 753 3244 propter.
771 3158 982 3243 temporalem
1005 3179 1166 3242 poenam,
1188 3181 1275 3244 quae

275 3277 438 3346 remanet.
478 3275 625 3342 Aeterne
647 3295 785 3356 namque
810 3295 917 3356 poena
937 3257 1090 3339 relaxata
1110 3286 1277 3355 tempore·
1305 3263 1306 3267 ¹

208 3457 213 3467 ,
276 3393 322 3459 lis
342 3392 615 3473 relinquetur.³⁴),·
634 3399 670 3450 ot
685 3385 771 3470 quod
784 3381 1041 3452 animaeillicito
1053 3385 1279 3451 delectatione

277 3528 338 3570 eeu
359 3508 459 3567 etiam
480 3499 607 3568 carnali
635 3497 804 3581 voluptate
834 3501 1040 3563 commissum
1073 3511 1143 3578 est,
1174 3499 1279 3564 satis·

277 3617 429 3682 lectionis
452 3612 668 3678 amaritudine
690 3611 788 3696 digne
810 3623 979 3695 purgetore
1010 3607 1113 3674 Unde
1130 3610 1279 3677 etJean.

278 3753 355 3796 neo:
381 3729 491 3793 lenite
525 3727 642 3812 dignos
665 3723 788 3792 fructos
809 3725 1055 3805 poenitentiae·
1086 3722 1181 3788 Tunc
1203 3725 1279 3810 dig,
1357 3701 1358 3712 ἵ

278 3857 339 3914 n‘os
363 3845 486 3909 fructus
509 3839 730 3923 poenitentiae
753 3836 903 3914 facimus,
927 3835 1057 3920 qnando
1079 3837 1165 3920 quot
1186 3827 1283 3900 m'ale‘

280 3959 489 4026 commissum
519 3964 571 4020 eet
595 3951 839 4050 inpraesenti
861 3952 909 4020 eit
931 3930 1107 4033 captator,
1135 3958 1173 4014 ut
1192 3945 1281 4014 nihil
