2740 4486
1065 251 1068 257 ’
1098 285 1156 360 ιιι

111 481 125 502 ·
148 453 278 536 ipsein
301 444 477 538 euangelio
508 447 681 536 aequalem
710 448 775 515 sibi
797 437 832 518 et
852 453 938 535 patri
960 453 1154 541 lignitatem

125 591 129 599 ’
151 563 430 654 [a]soribensait:
444 565 565 643 ite(m),
578 563 696 627 docete
712 584 825 630 omues
836 577 966 650 gentes,
985 566 1153 651 baptizan-

150 688 270 742 teseos
292 680 327 742 in
350 677 595 758 uomioepatris
610 673 763 740 etfiliiet
786 679 1052 759 spiritussaucti.
1082 679 1154 746 Nec

151 810 217 854 non
239 802 272 854 et
290 779 474 872 apostolus,
498 800 582 853 teste
595 787 794 874 Augustino,
816 811 889 854 cum
902 793 1035 873 spiritus
1047 785 1155 859 sancti

141 901 304 985 ¹templum
326 903 483 980 nominat,
507 890 620 983 aperte
642 923 716 966 eum
731 901 839 968 Deum
863 925 937 972 esse
950 907 1153 988 pronuntiat,

153 1037 223 1080 cum
258 1013 362 1080 solius
392 1013 458 1079 Dei
495 1013 650 1096 templum
687 1036 762 1080 esse
796 1001 936 1080 dicat'ur.
991 1017 1154 1100 Scriptum

152 1130 269 1212 quippe
292 1139 343 1192 est
363 1129 398 1191 in
416 1127 594 1209 apostolo,
624 1125 779 1208 nescitis,
802 1129 887 1212 quod
911 1130 1066 1214 templum
1087 1132 1154 1198 Dei
1256 1186 1264 1209 ,

152 1253 186 1304 et
207 1243 340 1324 spiritus
356 1239 423 1305 Dei
444 1240 627 1305 habitacio
639 1240 755 1306 vobisl
785 1239 851 1308 Ubi
865 1239 978 1325 aperte
993 1246 1154 1326 insinuat,

119 1434 120 1442 ἵ
152 1350 260 1418 Deum
282 1355 387 1435 ipsum
409 1354 503 1436 cujus
518 1364 569 1416 est
587 1350 742 1435 templum
758 1364 791 1416 et
805 1355 953 1436 spiritum
967 1354 1045 1434 Dei,
1058 1377 1155 1439 quem

151 1462 338 1529 inhabitare
360 1463 451 1543 dicit,
474 1465 561 1530 idem
585 1485 672 1528 esse.
714 1463 769 1530 Sic
792 1478 825 1530 et
848 1466 963 1532 beatus
979 1469 1097 1534 Petrus
1119 1473 1155 1536 in

151 1575 279 1644 actibus
313 1574 537 1658 apostolorum
573 1578 720 1659 spiritum
752 1590 903 1644 sanctum
935 1579 1043 1648 Deum
1077 1605 1154 1650 essa

79 1674 81 1682 '
151 1690 334 1774 profitetur,
357 1689 488 1756 dicens:
511 1691 637 1774 utquid
656 1691 812 1756 mentitas
836 1713 871 1756 es
894 1695 1025 1774 spiritui
1039 1708 1153 1762 sancto

151 1804 302 1883 Anania,
332 1823 397 1867 non
427 1823 463 1866 es
493 1805 647 1866 mentitus
677 1802 864 1869 bominibus
887 1807 947 1870 sed
969 1807 1056 1876 Dec.
1100 1810 1155 1876 De

107 1949 119 2004 ,¹
152 1938 217 2001 qno
238 1919 356 1981 iterum
379 1917 494 1997 spiritu
515 1917 549 1978 iu
572 1915 696 1980 eisdem
710 1917 836 1982 actibus
851 1921 1047 2002 continetur,
1071 1921 1154 1988 haec

153 2030 232 2096 dicit
253 2029 385 2113 spiritus
404 2027 544 2117 jubens:
569 2041 720 2112 separate
743 2029 822 2094 mibi
835 2030 1010 2098 Barnabau
1023 2048 1056 2098 et
1068 2037 1156 2101 Pan-

152 2141 220 2208 lum
244 2157 278 2207 et
301 2163 449 2208 rursum:
473 2141 597 2225 placuit
619 2145 747 2224 spiritui
769 2157 884 2209 sancto
909 2159 942 2210 et
963 2147 1070 2213 nobis·
1110 2149 1157 2214 Et

153 2256 327 2340 psalmista
362 2259 510 2339 spiritum
540 2255 606 2321 Dei
633 2257 754 2340 ubique
792 2271 955 2342 tamquam
983 2262 1159 2328 incircum·

152 2373 308 2455 scriptum
330 2370 502 2454 profitetur
524 2370 654 2436 dicenst
688 2393 752 2455 quo
784 2371 840 2436 ibo
864 2395 884 2440 a
905 2374 1022 2457 spiritu
1044 2387 1100 2440 tuo
1123 2390 1156 2442 et

154 2507 217 2569 quo
241 2485 362 2550 aiacis
386 2499 442 2564 tua
463 2485 609 2573 fugiam?
646 2483 711 2561 Qui
727 2488 883 2553 etstatim
905 2499 943 2551 ut
963 2489 1069 2571 ipsum
1091 2491 1157 2572 spi·

154 2601 251 2662 ritum
273 2597 358 2678 Dei,
383 2621 478 2682 quem
501 2599 621 2683 ubique
644 2621 720 2665 esse
747 2601 940 2684 profitetur,
972 2602 1060 2689 idem
1082 2625 1157 2670 esse

154 2733 226 2776 cum
248 2713 319 2794 ipso
344 2710 438 2790 Deo,
463 2713 503 2776 ad
527 2735 622 2796 quem
643 2711 807 2806 loquitur,
828 2717 987 2793 insinuet,
1012 2737 1071 2798 per
1091 2714 1157 2780 hoc

140 2834 305 2905 patenter
326 2826 482 2904 ostendit,
506 2827 591 2908 quod
614 2827 727 2890 rtatim
749 2828 898 2909 spiritum
920 2827 1162 2910 ipsumubique‘

154 2939 303 3024 assignat
323 2961 382 3030 per
403 2941 509 3021 ipsum
530 2937 659 3033 Deum,
679 2961 776 3022 quem
797 2939 917 3024 ubique
941 2941 1155 3004 astruit'esse

152 3048 285 3127 dicens:
317 3054 346 3116 ei
375 3051 555 3117 ascendero
583 3055 620 3116 in
649 3052 778 3117 coelum
806 3065 841 3117 tu
870 3053 942 3121 illic
964 3075 1000 3117 es
1023 3064 1057 3116 et
1079 3073 1155 3117 cae·

154 3173 237 3226 tera.
283 3163 349 3228 Sed
372 3187 445 3230 cum
467 3167 538 3247 ipsa
569 3165 692 3229 veritas
724 3161 899 3246 perhibet,
930 3165 1156 3246 peccatumin

153 3277 301 3358 spiritum
323 3298 389 3341 non
411 3299 487 3342 esre
509 3275 727 3356 remissibile,
756 3287 1018 3360 compensatum
1040 3279 1074 3341 in
1097 3300 1155 3366 ps·

154 3399 237 3454 trem
259 3389 315 3456 vel
336 3393 370 3454 in
391 3390 497 3456 filium
518 3390 717 3457 remissibile
739 3373 850 3468 dicat,
880 3390 931 3453 cui
953 3401 1066 3472 aperte
1088 3411 1156 3456 non

138 3503 312 3582 insinuat,
333 3504 482 3584 spiritum
493 3506 599 3586 ipsum
621 3523 688 3566 non
709 3503 870 3566 minorem
889 3511 984 3582 patre
1007 3499 1061 3568 vel
1082 3499 1155 3568 filio

154 3624 188 3676 et
209 3635 266 3696 per
288 3612 352 3676 hoo
379 3615 485 3696 ipsum
515 3615 616 3678 etiam
639 3614 746 3678 Deum
780 3611 911 3695 plenum
941 3633 1036 3692 esse,
1069 3615 1156 3679 sicut

153 3737 206 3790 est
235 3737 330 3809 pater
358 3727 430 3809 ipse
460 3725 514 3791 vel
543 3725 645 3792 filins.
689 3727 824 3810 Liquet'
840 3725 953 3808 utique
983 3747 1026 3790 ex
1056 3749 1157 3810 supra

153 3839 284 3922 positis,
306 3849 373 3904 tam
394 3837 528 3904 verbum
549 3838 638 3920 Dei,
662 3825 758 3926 qnam
778 3840 928 3923 spiritum
949 3839 1024 3923 ejus
1046 3837 1155 3912 Deum

153 3968 248 4042 erse,
281 3953 366 4022 sicut
398 3965 433 4022 et
461 3957 533 4041 ipse
564 3959 657 4056 cujus
687 3956 822 4026 verbum
849 3957 904 4026 vel
935 3957 1069 4042 spiritns
1092 3967 1161 4042 art„
