2798 4486
1025 348 1027 352 .
1110 241 1137 315 9

132 401 203 480 lere
224 405 259 478 iu
284 407 350 479 hoe
371 407 541 480 universus
570 397 733 482 consentit
752 409 910 494 mundus,
930 408 1029 506 'quod
1055 409 1138 482 haec

57 582 62 588 .
133 520 231 592 nobis
252 545 274 590 a
290 519 367 590 Deo
389 519 440 590 lex
463 519 540 592 data
557 520 610 594 sit.
644 521 697 594 De
718 547 792 621 qua,
815 521 945 617 siquos
965 520 1050 594 [orte
1068 547 1138 597 nou

135 626 528 730 possumos'incredolos
558 660 693 730 cogere,
723 659 821 705 nemo
849 649 959 704 tamen
987 651 1052 719 est,
1082 635 1140 733 qni

133 744 215 838 hoc,
247 743 338 842 qnod
360 744 537 830 credimus,
563 745 689 842 ratione
711 744 818 842 possit
843 744 954 846 aliqua
981 746 1138 821 refellere.

132 854 232 926 Pium
256 857 377 952 qnippe
398 872 449 926 est
471 857 589 929 sentire
613 872 646 929 et
666 857 802 928 omniuo
824 859 944 929 rationi
966 875 1140 936 cousenta-¹

107 972 234 1038 'neuin
265 984 297 1039 et
326 984 391 1038 tam
420 967 547 1040 divinae
575 969 713 1041 bonitati
742 993 839 1066 qnam
866 969 1030 1040 humanae
1059 995 1140 1042 eon·

133 1106 253 1173 gruum
276 1079 388 1165 saluti,
416 1079 526 1152 Deum
543 1081 587 1150 iu
609 1097 735 1150 tantum
758 1103 869 1151 coram
891 1081 1059 1152 hominnm
1083 1107 1140 1176 ge·
1199 1127 1201 1137 ·

131 1217 218 1277 rere,
237 1207 274 1262 ut
290 1216 347 1264 eos
365 1217 496 1287 quoque
515 1193 597 1287 legis
621 1193 743 1288 scripto
759 1192 948 1285 dignaretur
969 1194 1141 1280 instruere,

133 1321 167 1374 et
197 1303 327 1400 umore.
343 1305 459 1400 saltem
480 1325 662 1401 poenarum
690 1320 837 1375 nostram
859 1304 1014 1375 malitiam
1038 1305 1141 1402 repri-²

36 1507 38 1511 ,
95 1402 99 1409 ’
132 1443 238 1490 mere.
282 1415 319 1484 Si
342 1417 429 1486 enim
452 1417 621 1488 salubriter
648 1416 691 1486 ad
713 1417 778 1486 hoe
801 1416 998 1488 secularium
1021 1416 1141 1514 princi·
1197 1503 1198 1506 Ἴ

131 1554 218 1622 pum
240 1527 360 1623 leges
350 1529 515 1630 institutae
534 1545 620 1615 snut,
642 1528 714 1624 quis
735 1554 897 1598 summum
917 1528 1063 1600 omnium
1084 1529 1141 1600 be·

132 1640 431 1772 uiguissiprnmque
458 1640 638 1736 principem
667 1641 868 1712 contradicat
897 1641 939 1712 de
965 1641 1030 1711 hoe
1058 1667 1141 1766 quo·
1230 1730 1232 1738 J

135 1769 217 1847 qne
235 1726 347 1822 caiani
376 1752 585 1848 suscepisse?
630 1752 813 1844 Quomodo
842 1753 928 1824 enim
966 1753 1037 1850 quis
1067 1751 1140 1825 siue

133 1861 214 1958 lege
243 1865 424 1956 subjectum
446 1864 602 1960 populum
631 1867 812 1958 gubernare
834 1864 972 1960 poterit,
1002 1891 1031 1936 sr
1021 1865 1142 1938 vide·

135 1975 217 2045 licet
244 1975 383 2072 quisque
410 2000 471 2047 sno
507 1976 661 2046 dimissus
689 1975 839 2061 arbitrio,
873 1976 964 2072 quod
999 1977 1142 2070 elegerit,

136 2091 317 2184 sequatur?
341 2091 392 2182 (4.
403 2086 462 2182 V.)
484 2090 553 2158 Ant
574 2087 741 2182 quomodo
764 2091 859 2182 juste,
881 2087 1049 2182 puniendo
1072 2113 1142 2158 ma·

135 2199 203 2286 los,
227 2225 340 2270 eorum
362 2199 517 2270 malitiam
540 2199 726 2295 compescit,
748 2198 812 2268 uisi
833 2199 925 2293 prius
947 2198 998 2269 lex
1020 2215 1142 2270 statuta

136 2311 197 2395 sit,
220 2321 304 2408 qnae
325 2311 411 2380 mala
428 2311 496 2381 lieri
515 2316 623 2383 vetet?
654 2312 728 2382 Hac
746 2310 873 2382 ratione
891 2310 1050 2407 liquidnm
1067 2335 1142 2382 esse
1253 2331 1257 2342 '

137 2424 258 2510 credo,
286 2419 429 2492 diviuam'
447 2422 554 2518 legem
576 2425 610 2495 in
632 2423 818 2494 hominibus
841 2422 1079 2520 praecessisse,
1106 2437 1143 2494 ut
1170 2512 1174 2518 .

136 2536 236 2631 hujus
259 2561 391 2630 quoqne
408 2535 488 2605 boni
510 2537 651 2607 muudus
673 2536 839 2607 exordium
862 2535 1143 2622 etauctoritatem
1199 2603 1200 2606 ,

138 2672 160 2717 a
189 2646 265 2718 Deo
296 2662 454 2732 sumeret,
488 2675 561 2718 cnm
590 2649 771 2745 aliquarum
800 2645 910 2740 legum
937 2648 1142 2720 institutione

138 2759 298 2836 malitiam
318 2759 482 2854 refrenare
505 2761 621 2834 vellet?
654 2759 799 2856 alioquin
821 2758 916 2830 facile
939 2758 1041 2829 videri
1064 2784 1143 2856 pos·
1174 2813 1176 2824 ,

139 2888 202 2955 set,
224 2869 334 2947 Deum
356 2897 408 2944 res
428 2872 587 2944 humanas
610 2900 679 2945 nou
697 2899 819 2957 curare,
843 2888 875 2943 et
896 2871 1005 2967 ipsum
1027 2871 1143 2942 mnndi
1182 2903 1188 2924 ¹

21 2978 23 2982 ’
93 3001 97 3004 ’
140 2999 262 3053 statum
291 2982 426 3054 fortuitu
456 2987 565 3080 potins
595 2986 663 3080 agi,
698 3009 797 3081 qnam
829 2983 1035 3080 providentia
1063 2983 1143 3076 regi.

140 3095 265 3192 Siqua
287 3121 364 3168 vero
386 3095 438 3166 lex
460 3121 492 3166 a
500 3097 563 3167 deo
587 3096 664 3167 data
682 3121 755 3168 esse
779 3095 921 3166 creditur
942 3094 1078 3181 mundo,
1101 3094 1143 3166 de
1179 3093 1181 3098 ’

143 3232 210 3303 qno
227 3208 331 3332 magis
351 3208 630 3293 consentiendum,
643 3233 746 3336 qnam
765 3207 804 3278 de
823 3223 946 3292 nostra,
953 3231 1053 3334 ‘qnae
1072 3223 1143 3278 tan·

106 3393 110 3396 ,
142 3331 222 3388 tam
235 3347 283 3390 ex
293 3336 453 3392 vetustate
476 3338 509 3392 et
530 3347 696 3392 commum
687 3319 889 3394 homiuum
907 3317 1063 3414 opinione
1085 3341 1144 3388 na·

142 3446 195 3500 cta
226 3447 276 3500 est
303 3433 550 3506 anctoritatem?
595 3432 647 3503 Sit
673 3432 813 3528 denique
837 3430 972 3501 dubium
993 3429 1129 3502 mihi
1102 3455 1144 3500 sr-

144 3559 197 3612 cut
219 3559 252 3612 ct
273 3543 346 3630 tibi,
369 3546 459 3642 quod
481 3546 567 3615 hanc
587 3544 680 3615 Deus
702 3546 810 3639 legem
832 3541 1023 3629 instituerit,
1053 3541 1144 3638 quod

143 3671 192 3725 tot
209 3671 321 3742 tamen
339 3656 532 3728 testimoniis
557 3674 590 3728 et
610 3657 737 3734 ratione
761 3657 986 3740 confirmatur,
1016 3652 1143 3748 cogeris

145 3783 252 3838 tamen
269 3769 451 3840 secuudum
467 3769 657 3866 suppositae
675 3768 891 3839 similitudinis
907 3767 1144 3852 inductionem,

146 3878 180 3948 id
194 3880 273 3950 mihi
293 3881 475 3980 consulere,
494 3899 530 3952 nt
548 3881 612 3978 ipsi
629 3881 894 3970 obedi[enti]am,
911 3877 1049 3949 maxime
1071 3903 1145 3948 cnm

147 3992 190 4060 ad
209 3991 272 4065 hoc
292 3993 423 4090 propria
439 4020 492 4066 me
511 3995 626 4067 invitet
646 3993 854 4081 couscientia.
899 3989 1017 4062 Fidem
1036 4003 1145 4064 tecum
