2774 4486
270 307 352 382 ros

270 495 305 548 et
324 481 485 559 cordium,
516 481 569 562 qui
591 479 707 546 dieitur
728 469 763 545 in
787 482 915 546 occulto
944 483 1072 549 scilieet
1093 488 1127 550 in
1149 471 1262 550 lelun-

269 609 336 662 tate
358 596 482 659 videre.
525 592 622 659 Unde
650 606 684 657 et
707 595 902 677 Apostolus:
930 597 1110 692 jtidieabit‚
1141 593 1268 681 inquit,‘
1300 619 1304 631 ·

269 709 398 774 occulte
431 707 595 770 hominum
628 707 806 772 secundum
839 707 1045 795 evangelium
1073 731 1197 788 meum,
1231 713 1264 775 id

270 835 338 901 est,
363 824 459 906 juxta
480 819 758 901 praedicationem
779 842 897 885 meam.
941 821 1027 887 Tale
1050 825 1173 886 etenim
1197 836 1263 902 est,

269 947 308 1001 ao
329 937 359 999 si
380 935 523 998 dicerett
557 953 676 1014 opera,
705 955 788 1016 quae
811 936 845 998 in
873 957 911 998 se
932 936 1152 1045 indifferentia
1174 948 1265 1011 sunt,

267 1072 333 1114 non
365 1061 474 1125 curat,
511 1049 570 1113 se'd
598 1051 772 1130 puritatem
801 1052 994 1116 intentionis
1024 1055 1139 1135 exigit.
1192 1048 1266 1112 lloe

266 1165 354 1230 idem
376 1172 550 1250 attestatur
571 1159 695 1239 Isaiae,
729 1162 784 1226 ubi
807 1163 903 1228 dioit:
935 1185 1000 1227 non
1029 1162 1191 1247 judicabit
1213 1182 1264 1223 ee-

223 1319 227 1326 ·
268 1276 407 1342 eundum
438 1273 543 1338 visum
574 1273 742 1338 oculorum
777 1297 883 1358 neque
913 1277 1088 1339 seeundum
1121 1276 1265 1338 auditum

178 1389 184 1401 ¹
268 1391 393 1455 aurium
424 1397 550 1470 arguet.
603 1385 639 1447 Si
674 1388 761 1449 enim
795 1387 871 1451 inde
905 1389 975 1470 quis
1016 1390 1121 1472 magis
1157 1385 1265 1468 placet

267 1502 354 1579 Deo,
378 1498 464 1582 quod
486 1495 639 1561 aedificat
664 1495 793 1561 domum
816 1499 1011 1581 pauperibus
1040 1514 1078 1564 et
1099 1500 1162 1564 hoo
1191 1503 1266 1583 qnia

266 1626 393 1697 potest,
425 1596 523 1694 ¹qnam
557 1606 636 1688 ille,
670 1611 725 1691 qui
754 1611 903 1675 eamdem
932 1610 1034 1675 habet
1063 1612 1265 1676 voluntatem

267 1746 328 1790 neo
350 1722 521 1801 aedificat,
555 1724 631 1805 quia
651 1732 773 1804 pauper
796 1734 864 1788 ost:
896 1726 1010 1809 negari
1039 1745 1104 1788 non
1136 1733 1264 1806 potest,

267 1841 345 1924 quin
367 1818 409 1900 ex
437 1833 519 1913 hoc,
550 1835 637 1932 qnod
659 1837 751 1899 dives
785 1849 856 1914 est,
889 1839 995 1924 magis
1025 1835 1156 1918 placeat
1178 1836 1264 1904 Deo.

266 1953 350 2018 ltem
371 1954 401 2016 si
429 1950 638 2014 Hermannus
670 1951 809 2014 eandem
840 1950 939 2015 habet
960 1952 1162 2016 voluntatem
1193 1974 1266 2018 oum

175 2088 177 2104 ¹
265 2067 423 2151 magistro
446 2083 506 2126 suo
529 2061 628 2125 Petro
657 2072 691 2125 et
724 2075 861 2145 uterque
883 2043 1053 2145 pecuniam
1076 2065 1117 2128 ad
1140 2065 1266 2127 lacien-
1292 2125 1293 2134 ,

266 2177 342 2240 dem
370 2176 498 2239 domum
534 2173 728 2256 paoperibus
757 2181 887 2258 paravit
919 2177 1068 2242 etaltor
1090 2177 1266 2256 aedificet,
1373 2233 1375 2250 ,

236 2367 243 2382 ,
265 2293 317 2356 cui
338 2291 475 2373 pecunia
496 2300 661 2367 remanet,
683 2287 768 2352 alter
790 2311 868 2354 vero
891 2291 1035 2369 minime,
1060 2311 1131 2354 oum
1154 2293 1184 2353 ei
1207 2312 1265 2370 pe-

266 2406 363 2470 cunia
386 2400 498 2468 ablata
520 2403 583 2478 sit,
616 2419 681 2464 non
704 2401 760 2482 qui
789 2400 963 2480 aedificat,
992 2424 1088 2484 quam
1118 2403 1173 2484 qui
1201 2399 1265 2465 hoe

264 2541 331 2584 non
351 2517 452 2592 facit,
488 2514 623 2596 majoris
656 2513 765 2576 meriti
795 2514 879 2594 apud
910 2513 1018 2579 Deum
1048 2537 1123 2578 esse
1152 2512 1263 2577 debet.

263 2632 372 2699 Aliter
393 2649 459 2692 non
482 2638 532 2689 est
554 2628 658 2702 ratio3
690 2647 789 2707 quare
816 2625 962 2690 latrones
984 2649 1049 2692 uon
1077 2630 1142 2691 sint
1171 2627 1266 2723 dinti-

264 2743 387 2811 nuendi
408 2739 558 2804 meritum
577 2739 660 2817 apud
672 2736 797 2810 Deum3
821 2737 1048 2820 quodquidam
1066 2762 1160 2822 quam
1181 2741 1266 2803 irra-

263 2853 424 2923 tionabile
464 2852 507 2914 sit
554 2850 696 2913 omnium
732 2851 861 2934 judicio
897 2850 1132 2938 relinquamus.
1187 2849 1266 2916 Non
1374 2843 1375 2866 ³

263 2992 342 3038 vero
352 2985 520 3052 negamus,
530 2961 594 3048 [iu]
605 2961 821 3045 exterioribus
834 2951 1028 3046 quandoque
1039 2965 1189 3060 meritum
1201 2963 1270 3027 ali-.

265 3082 351 3169 quod
372 3075 552 3161 temporale
574 3076 686 3158 sequi,
708 3087 745 3138 ut
766 3074 820 3139 vel
841 3079 948 3162 magis
971 3075 1013 3140 ad
1035 3097 1179 3141 amorem
1198 3074 1266 3139 Dei

265 3194 480 3263 accendamur
500 3190 555 3254 vel
576 3202 612 3252 ut
635 3187 730 3268 aliis,
754 3190 808 3272 qui
831 3211 891 3253 nos
913 3173 1027 3254 uident
1042 3193 1266 3268 remunerari,

264 3306 449 3389 exemplum
470 3304 554 3367 bene
575 3300 731 3384 operandi
753 3300 979 3366 exhibeamus.
1025 3301 1093 3367 Sed
1121 3323 1193 3366 oum
1221 3303 1267 3367 de

96 3441 101 3450 '
150 3493 153 3498 ,
263 3422 390 3488 meritis
413 3415 496 3480 haee
519 3415 737 3492 disseramus,
760 3415 854 3496 quasi
876 3413 968 3478 nulla
991 3436 1066 3480 esso
1088 3414 1266 3492 videntur,

265 3535 343 3620 quia
363 3530 472 3616 gratia
499 3527 624 3592 meritis
653 3547 755 3613 osque
788 3527 872 3591 adeo
902 3549 1085 3612 repugnare
1115 3527 1267 3605 ridetur,

264 3645 445 3732 quodcum
467 3643 575 3707 omnia
597 3661 639 3704 ox
660 3643 766 3725 gratia
789 3641 856 3705 siut
878 3642 995 3706 merita
1017 3661 1082 3704 uon
1105 3641 1268 3704 existant.

261 3757 359 3824 Unde
380 3752 578 3837 Apostolus:
603 3749 644 3816 Si
666 3774 708 3818 ex
728 3755 873 3831 meritis,
897 3755 962 3817 iarn
984 3773 1049 3820 aon
1072 3773 1116 3816 ex
1143 3751 1270 3837 gratie.

261 3871 403 3952 Videtur
424 3868 528 3945 enim,
558 3865 644 3948 quod
672 3886 715 3930 ex
742 3864 836 3930 nobis
866 3861 949 3930 nihil
974 3863 1054 3928 boni
1085 3863 1268 3945 possimus.

263 3981 318 4052 Sir
340 3981 426 4050 euim
453 3979 494 4048 da
524 3977 620 4046 nobit
651 3987 722 4058 est,
751 3989 788 4044 ut
817 3975 857 4046 de
887 3974 1015 4044 medico
1045 3987 1078 4042 et
1109 3971 1274 4054 infirmo,
