2798 4486
107 291 109 306 '
209 298 212 304 ’
288 291 336 368 bl
451 361 453 366 .

257 511 264 525 «
377 460 596 535 Christian.
639 415 792 558 Apprdbo
808 479 914 532 tecum
933 460 1166 557 quodprobas.
1197 459 1264 530 Sed

290 572 364 669 quia
384 577 469 669 juxta
489 574 658 670 superioris
681 573 862 645 condictum
884 572 1040 669 propositi
1066 570 1265 642 confunden-

290 685 352 756 dae
374 703 449 757 snut
467 703 596 757 nostrae
622 712 695 756 eum
720 687 832 756 vestris
861 685 1055 766 sententiae,
1082 698 1118 751 ut
1139 683 1266 777 potiora
1380 763 1385 781 Ι

290 797 452 867 valeamus
475 797 600 890 eligere,
628 811 659 866 et
680 812 714 864 tu
737 822 773 864 ex
795 795 979 890 antiquitate
1001 793 1080 887 legis
1103 792 1266 877 naturalis,

261 909 268 928 ⁸
290 909 427 1002 primurn
445 909 509 978 tibi,
522 907 627 978 locum
645 907 823 990 vindicasti,
844 922 931 974 tunm
951 921 1009 983 est,
1034 904 1088 999 qui
1107 904 1212 998 priore
1233 920 1267 972 ut

291 1018 369 1087 dicis
385 1019 465 1113 lege,
486 1019 547 1088 hoc
565 1035 614 1088 est
630 1017 765 1087 naturali
787 1033 953 1086 contentus
974 1042 1019 1099 es,
1043 1032 1074 1084 ct
1091 1039 1129 1084 ea
1143 1031 1267 1082 tantum

289 1128 387 1228 uteris
409 1145 479 1216 tuas
501 1117 551 1201 sel
572 1145 699 1199 tuorum
720 1153 816 1222 super
837 1126 899 1196 hoc
918 1126 950 1194 in
969 1126 1109 1196 medium
1125 1125 1266 1220 prolerre

179 1253 181 1268 '
225 1259 229 1266 “
285 1229 464 1309 ¹sententias
479 1245 518 1310 'et
538 1239 743 1334 postmodum
761 1253 949 1322 nostrarum,
972 1237 999 1306 si
1020 1236 1053 1306 iu
1073 1235 1180 1331 aliquo
1202 1237 1265 1304 dis·
1309 1273 1312 1284 e

205 1359 208 1367 ’
290 1350 459 1434 sentimus,
480 1351 620 1421 rationes
643 1350 761 1426 audire.
786 1423 787 1426 ,
872 1411 874 1426 ,

376 1460 527 1533 Philus.
564 1460 731 1530 Summum
750 1462 871 1531 bonnm
893 1459 959 1529 sive
981 1459 1076 1527 finem
1097 1456 1186 1540 honi,
1204 1457 1267 1526 boe

293 1585 341 1639 est
357 1573 663 1641 consummationem
677 1569 728 1644 vel
743 1570 970 1666 perfectionem
986 1573 1064 1663 ejus,
1080 1568 1269 1638 definiermrt

293 1680 374 1750 sicut
399 1681 541 1777 plerique
570 1681 1006 1764 nostrornm'memiuerunt,
1040 1704 1104 1774 quo
1134 1679 1268 1774 quisque

292 1814 364 1860 eum
386 1793 563 1886 pervenerit
582 1794 695 1862 beatus
719 1808 778 1877 est,
800 1791 879 1860 sicut
901 1791 1093 1862 econtrario
1110 1815 1269 1858 summum

292 1901 420 1986 malum,
436 1907 524 1997 cnjus
539 1905 697 1977 assecutio
711 1905 859 1974 miserum
872 1901 954 1975 facit.
991 1899 1140 1990 Quorum
1152 1916 1269 1968 utrum·

294 2036 355 2107 que
378 2014 517 2083 moribus
539 2041 766 2109 promeremur.
807 2014 918 2106 Mores
942 2029 1047 2081 autem
1069 2013 1198 2080 virtutes
1220 2009 1269 2078 vel

294 2123 339 2192 eis
363 2125 520 2194 contraria
541 2127 617 2194 vitia
639 2141 770 2196 constat
791 2123 953 2219 appellari.
997 2120 1139 2211 Quidam
1164 2137 1270 2188 tamen

282 2248 453 2318 nostrum,
482 2235 564 2305 sicut
587 2238 672 2305 etin
695 2224 808 2306 octauo
832 2235 872 2303 de
896 2233 1019 2303 civitate
1042 2232 1184 2302 meminit
1204 2231 1271 2299 Au·

296 2343 457 2434 guntinus,
486 2345 632 2414 virtutem
659 2345 764 2440 ipsam
791 2369 949 2417 summum
971 2343 1091 2412 bonum
1119 2342 1271 2425 dixerunt,

295 2452 348 2520 alii
369 2452 572 2546 voluptatem.
615 2455 763 2544 (liv.)

290 2608 295 2616 -
384 2560 601 2636 Christian.
644 2565 690 2636 Ut
712 2566 790 2663 quid
811 2564 945 2635 obsetro
966 2561 1161 2660 voluptatem
1181 2559 1272 2632 intel-

297 2671 463 2743 leserunt?

383 2783 537 2856 Philus.
579 2783 655 2858 Non
684 2801 719 2857 ut
745 2785 887 2882 plerique
910 2782 1079 2856 aestimant
1100 2783 1274 2854 carnalium

299 2891 517 2964 illecebrarum
530 2896 736 2966 inhonestam
751 2913 783 2965 et
798 2912 921 2990 turpem
940 2895 1194 2977 oblectationem,
1216 2894 1276 2962 sed

302 3005 463 3099 quandam
476 3005 666 3077 'interiorem
687 3007 813 3076 animae
830 3004 1094 3101 tranquillitatem,
1117 3005 1276 3100 quainter

303 3116 436 3184 adversa
464 3132 495 3186 et
519 3143 673 3212 prospera
692 3134 801 3187 manet
823 3118 944 3211 quieta,
972 3132 1004 3184 et
1024 3101 1159 3210 propriis
1181 3115 1275 3200 bonis

304 3242 470 3311 contenta,
498 3228 573 3296 dnm
599 3229 686 3298 nulla
709 3253 779 3298 eam
797 3225 924 3321 peccati
946 3227 1090 3294 mordeat
1111 3227 1277 3295 conscien·
1391 3295 1398 3322 ¹

305 3327 358 3407 tia.
387 3409 390 3414 ,
414 3338 507 3408 Absit
539 3339 639 3421 enim,
673 3355 710 3407 ut
740 3336 923 3433 philosophi
950 3353 1093 3405 terrenae
1120 3334 1277 3409 felicitatis

305 3446 431 3515 maximi
465 3463 700 3544 contemptores
730 3465 761 3519 et
787 3448 949 3544 praecipui
975 3447 1077 3516 carnis
1104 3446 1278 3516 domitores

306 3556 340 3624 iu
362 3557 457 3651 hujus
477 3559 559 3628 vitae
582 3547 822 3654 turpitudinibus
845 3583 1002 3628 summurn
1023 3558 1144 3626 bouum
1162 3556 1280 3626 consti-

297 3666 430 3750 tuerint,
451 3669 533 3737 sicut
546 3665 738 3764 Epicuro'et
758 3673 826 3764 ejus
849 3668 1048 3764 sequacibus,
1069 3667 1102 3734 id
1125 3681 1182 3748 est,
1204 3665 1280 3758 Epi·
1392 3715 1398 3757 .÷

309 3779 410 3846 eureis
431 3778 519 3850 multi
539 3807 597 3878 per
617 3781 828 3874 ignorantiam
850 3780 1025 3873 imponunt,
1047 3803 1113 3846 non
1132 3775 1280 3871 equidem

309 3888 530 3980 intelligentes,
553 3892 628 3986 quid
651 3892 693 3960 illi
716 3908 752 3961 ut
769 3893 901 3960 diximus
919 3889 1112 3982 voluptatem
1136 3885 1280 3957 uomina·
1396 3965 1398 3982 ,

307 4015 387 4070 rent
420 3999 571 4096 Alioquin
592 4018 629 4074 nt
644 4003 787 4107 diximus,
809 3999 943 4086 Seneca,
962 3997 1014 4070 ille
1035 3997 1190 4068 maximus
1213 4013 1281 4064 mo·
