2798 4486
10 303 21 436 p
687 321 689 328 ·
1008 273 1011 280 “
1076 268 1125 341 31

119 451 251 506 tautum
288 451 322 505 et
354 460 422 505 nou
456 449 554 504 autea
582 433 680 504 deum
708 433 868 530 appellari
895 435 1064 506 bominum
1096 453 1129 511 et

123 575 240 618 eorum
271 563 397 617 tantum
426 547 483 641 qui
509 546 688 616 circumcisi
709 550 776 640 jam
798 548 918 620 luerint
939 549 1035 619 veluti
1056 551 1128 646 ipse

10 663 11 668 ’
125 661 207 729 deus
231 651 397 728 Abrabam
428 657 507 747 (sol.
531 664 581 733 tt.
604 658 670 748 R.)
701 675 733 729 et
759 660 853 730 Isaac
883 676 916 730 et
936 660 1041 732 Jacob
1071 685 1129 758 ap-

54 863 57 868 *
124 771 276 868 pellatur.
332 769 429 840 Unde
452 786 483 840 te
507 787 617 866 aperte
639 771 712 865 ipsa
734 771 815 866 legis
840 773 998 870 scriptura
1020 766 1129 870 repre·

10 881 17 886 ’
125 885 254 968 bendit,
277 881 351 954 Noe
373 891 470 951 autea
492 882 592 976 longe
615 882 743 954 dicente
764 892 811 974 ι)ε
846 885 1046 956 Benedictus
1071 887 1130 957 do·

124 999 235 1066 minus
261 993 460 1078 deusserat,
485 996 528 1064 sit
550 993 686 1065 Cauaan
710 1021 822 1066 servus
847 1001 928 1092 ejus.
971 998 1059 1068 Ecce
1084 1013 1131 1069 e't·
1184 1043 1190 1053 κ

126 1111 215 1182 enim
233 1108 308 1180 Noe
333 1106 430 1177 deum
448 1106 526 1176 Sem
549 1109 706 1178 nominat.
745 1107 845 1178 Unde
868 1125 902 1179 et
922 1135 994 1182 cum
1015 1111 1132 1181 dieitur
1161 1172 1163 1184 .

127 1221 210 1293 deus
237 1220 419 1304 Abrabam,
452 1220 532 1290 deus
555 1221 649 1292 Isaac
674 1220 745 1298 ,sive
767 1219 892 1306 Jacob,
920 1248 987 1292 non
1017 1222 1131 1293 incon-

127 1363 209 1430 grue
240 1333 316 1404 addi
345 1331 430 1402 solet
458 1348 490 1402 et
518 1332 600 1401 deus
629 1348 757 1427 patrum
786 1350 982 1404 nostrorum.
1027 1333 1132 1425 Quod

127 1450 157 1518 si
180 1448 279 1517 etiam
302 1444 411 1514 divina
432 1444 588 1514 beneficia
610 1469 730 1540 penses
759 1471 796 1514 eu
827 1447 955 1542 quibus·
975 1473 1035 1518 vos
1063 1473 1131 1518 ma·

126 1562 213 1629 xime
237 1556 419 1650 gloriamini
436 1573 591 1651 tanquam
610 1561 682 1650 ejus
695 1557 837 1652 populus
852 1557 1033 1653 peculiaris,
1056 1559 1133 1629 inde

127 1673 206 1770 quia
222 1670 337 1740 Enoch
355 1671 389 1738 in
405 1669 601 1764 paradysum
617 1667 740 1739 felicius
759 1670 932 1740 translatus
958 1687 1016 1754 est,
1034 1698 1133 1767 quarn

128 1811 187 1856 vos
212 1785 246 1852 iu
270 1799 388 1852 terram
407 1779 543 1860 Canaan
566 1781 752 1865 introducti,
776 1799 808 1852 et
824 1783 888 1853 boc
904 1781 957 1852 ille
972 1785 1132 1853 meruisse

10 1933 13 1936 ·
115 1896 268 1968 'refertur
283 1899 355 1962 cum
369 1893 515 1963 videlicet
530 1893 661 1962 dicitur:
677 1893 914 1988 ambulavitque
926 1894 1045 1964 Euocb
1059 1921 1134 1965 cum

96 2026 102 2044 ‘
130 2013 194 2080 deo
221 2025 252 2078 et
269 2033 339 2076 nou
355 2007 513 2101 apparuit,
536 2005 611 2101 quia
630 2003 701 2076 tulit
717 2029 791 2073 eum
809 2003 900 2074 deus.
932 2003 1133 2076 Vosautem
1182 2043 1187 2050 -

129 2121 210 2191 illud
234 2117 413 2190 obtinuisse
434 2117 567 2199 meritis,
592 2114 725 2212 omnino
749 2115 884 2212 Moyses
908 2119 1063 2212 denegat,
1087 2117 1134 2214 di-

129 2261 209 2304 cens
228 2240 277 2320 2);
321 2227 372 2301 Ne
398 2230 499 2300 dicas,
516 2229 550 2298 in
574 2228 673 2298 corde
697 2244 771 2321 tuo,
801 2254 874 2298 cum
899 2227 1053 2300 deleverit
1076 2255 1133 2300 eos

130 2345 284 2415 dominus
312 2343 446 2438 propter
474 2342 628 2435 justitium
656 2343 777 2424 meam,
812 2334 990 2410 introduxit
1018 2366 1071 2412 me
1099 2357 1135 2412 ut

130 2475 251 2528 terram
271 2456 356 2524 banc
374 2455 588 2550 possiderem,
608 2479 682 2522 cum
702 2469 836 2548 propter
855 2452 1035 2548 impietates
1057 2458 1136 2524 suas

130 2571 215 2640 istae
232 2568 358 2638 deletae
375 2566 439 2636 sint
461 2567 623 2649 nationes,
645 2581 681 2634 ut
696 2564 873 2660 compleret
889 2565 1022 2634 verbum
1038 2591 1136 2636 suum

131 2683 222 2778 quod
253 2679 416 2776 pollicitus
447 2695 496 2748 est
523 2679 667 2774 patribus
694 2677 769 2746 tuis.
815 2674 905 2748 Scito
928 2677 1026 2770 igitur
1046 2679 1138 2774 qood

130 2822 202 2865 non
224 2810 359 2888 propter
379 2792 518 2885 justitias
542 2807 614 2860 tuas
638 2789 869 2861 deusdederit
891 2790 947 2859 tibi
971 2789 1055 2860 banc
1073 2807 1136 2860 ter·

129 2931 204 2976 ram
238 2904 399 3000 optimam
423 2893 495 2973 cum
526 2901 716 2972 durissimae
745 2902 876 2972 cervicis
906 2901 950 2972 sis
985 2902 1135 2996 populus.

130 3017 210 3090 Noe
238 3043 314 3086 vero
342 3034 476 3112 propter
502 3014 657 3110 justitiam
688 3039 785 3083 suam·
811 3014 968 3084 universis
998 3014 1135 3083 bomini·

131 3131 195 3198 bus
214 3145 343 3224 praeter
361 3131 497 3198 domum
516 3153 610 3197 suam
625 3125 788 3198 subversis
808 3127 1032 3194 universorum
1052 3151 1136 3221 quae

10 3315 13 3332 ,
130 3241 166 3310 in
198 3257 282 3310 terra
305 3241 358 3310 vel
379 3242 412 3310 in
435 3242 516 3309 mari
539 3258 615 3310 sunt
638 3239 833 3335 constitutus
857 3253 911 3306 est
930 3237 1080 3306 dominus
1106 3255 1138 3307 et

133 3354 252 3423 emnia
277 3353 306 3420 ei
335 3352 367 3422 in
398 3369 648 3448 esumpraeter
674 3353 869 3445 'sauguinem
899 3374 1074 3434 concessa,
1102 3329 1139 3420 ut

132 3469 223 3560 juxta
260 3465 311 3540 clei
346 3465 507 3534 beneficia
538 3481 664 3534 terrena
702 3489 785 3559 quae
819 3489 879 3533 ros
918 3462 1138 3548 desiderastis,
1223 3507 1225 3511 ,
1272 3447 1273 3454 ἵ

133 3594 227 3646 tanto
250 3577 393 3671 priorum
416 3576 562 3645 fidolium
581 3576 651 3644 vita·
669 3575 763 3647 luerit
785 3575 925 3658 felicior,
949 3591 1076 3669 ¹quanto
1099 3573 1138 3643 li·

133 3689 243 3760 barior
277 3705 309 3758 et
344 3688 501 3758 universis
538 3704 685 3758 terrenae
720 3687 929 3756 habitationis
965 3685 1164 3785 dominans!
1242 3692 1248 3701 '

150 3939 188 4008 1)
207 3932 273 3996 Gon.
291 3937 344 4006 IX,
361 3941 405 3994 26.

148 4044 186 4116 2)
205 4043 286 4102 Dent
305 4043 357 4111 lX,
374 4047 399 4100 4.
420 4044 497 4100 -6,
