2798 4486
254 243 306 320 ³0

255 413 423 488 domiuus·
437 412 472 484 in
497 412 758 484 remuneratione
785 411 867 506 legis
889 410 1021 507 saepius
1042 409 1093 482 vel
1115 411 1260 506 apertius

255 543 385 598 terrena
412 525 571 596 beneficia
601 549 701 622 quom
729 540 865 598 aeterna
891 546 1146 596 commemorare
1169 525 1260 598 uide·

255 655 318 724 tur,
340 638 478 708 maxime
500 655 634 733 propter
657 637 821 707 carnalem
842 636 948 708 adbuc
962 636 1182 733 rebellemque
1199 663 1259 736 po·

254 750 385 848 pulum,
415 777 517 846 quem*
535 750 576 821 de
600 749 766 845 opulentia
788 748 907 844 Egypti
936 773 1035 844 snper
1056 773 1124 844 qua
1143 749 1261 842 jugiter

254 864 494 946 murmurabat,
528 862 570 932 ad
606 862 817 958 asperrimam
848 860 1059 932 solitudinem
1089 861 1259 945 educebat,

202 1065 212 1076 ,.
254 975 378 1046 factum
402 999 474 1046 esse
497 974 669 1068 intelliges.
712 973 986 1068 superfluumque
1008 973 1042 1042 id
1064 972 1098 1044 in
1121 975 1259 1068 promis·

255 1088 348 1160 sione
385 1113 641 1158 commemorare
680 1086 863 1169 videbatur,
897 1085 939 1156 de
974 1100 1108 1154 aeterua
1136 1085 1260 1160 scilicet

254 1200 474 1284 beatitudine,
497 1225 595 1296 quam
620 1199 715 1269 etiam
739 1199 809 1296 siue
831 1197 915 1290 legis
937 1197 1112 1268 traditione
1132 1198 1258 1293 priores

168 1329 173 1344 ·
253 1329 330 1382 ante
358 1312 530 1382 constabat
559 1311 697 1406 adeptos
731 1337 814 1383 esse.
864 1308 996 1379 Deinde
1024 1326 1146 1406 quanta
1173 1309 1256 1402 legis

254 1424 297 1494 sit
326 1422 482 1518 perfectio
511 1423 575 1494 boc
598 1449 665 1492 uno
690 1420 807 1516 collige
830 1423 911 1506 fine,
939 1421 980 1494 de
1004 1448 1070 1517 quo
1093 1422 1127 1494 in
1149 1423 1255 1494 novis-

254 1536 345 1607 simis
371 1536 507 1630 Moyses
537 1535 587 1606 bis
615 1534 727 1604 scribit
754 1534 859 1605 verbis
882 1538 932 1627 ι)ε
969 1533 1013 1605 Et
1041 1561 1130 1606 nunc
1156 1533 1258 1607 Israel

252 1648 331 1718 audi
353 1664 529 1745 praecepta
552 1663 585 1718 et
605 1646 741 1741 judicia,
772 1671 856 1742 quae
886 1673 948 1740 ego
979 1645 1117 1718 doceam
1140 1662 1172 1718 te
1195 1661 1259 1720 etc.

251 1759 330 1832 Non
360 1760 486 1832 addetis
515 1759 558 1830 ad
586 1760 721 1830 verbum
749 1759 838 1854 quod
866 1759 989 1852 loquor
1009 1741 1117 1842 vobis,
1149 1769 1256 1854 ue'que

253 1873 406 1944 auferetis
437 1898 474 1941 ex
504 1897 555 1941 eo.
613 1871 657 1942 Et
683 1897 826 1942 rursum:
873 1868 977 1959 Quod
1006 1870 1170 1966 praccipio
1199 1870 1257 1942 tibi

251 1984 316 2055 hoc
339 1999 465 2054 tanturn
486 1981 585 2053 facito
609 1983 759 2066 domiuo,
785 2009 848 2056 uec
872 1982 975 2053 addas
999 1984 1172 2079 quicquam
1195 2009 1257 2054 uro

251 2096 391 2170 minuas.
436 2093 623 2168 Perfectum
651 2095 770 2191 quippe
801 2110 851 2166 est
880 2095 932 2164 cui
963 2095 1040 2166 nibil
1068 2094 1257 2168 addendum
1394 2167 1398 2194 ¹

252 2226 313 2280 est.
355 2209 422 2280 Aut
445 2208 472 2276 si
496 2207 574 2302 quid
596 2207 807 2303 perfectionis
831 2205 969 2290 deesset,
992 2206 1078 2276 mala
1101 2207 1182 2278 haec
1205 2231 1272 2278 es·-
1391 2253 1398 2292 ι,

241 2335 303 2390 -set
325 2319 517 2415 prohibitio,
541 2344 624 2415 quae
648 2319 738 2414 quod
762 2319 854 2388 deest
875 2319 1042 2412 prohibet,
1065 2335 1098 2388 et
1119 2319 1256 2390 beatitu·
1395 2301 1398 2308 ’

251 2431 339 2502 dinis
364 2431 426 2501 iter
447 2430 542 2501 nobis
567 2431 714 2525 obstruit.
760 2428 851 2519 Quid
875 2431 971 2518 etiam
995 2431 1037 2502 ad
1060 2430 1254 2525 purificatio-

250 2570 327 2613 nem
357 2541 409 2614 vel
438 2543 702 2614 emundationem
730 2559 876 2614 nostram
900 2560 997 2638 atque
1020 2543 1256 2636 indulgentiam

250 2641 462 2751 peccatorum
486 2673 671 2726 nostrorum
693 2654 742 2725 lex
765 2653 873 2750 aliqua
896 2654 929 2724 iu
952 2654 1117 2724 sacrificiis
1135 2654 1185 2724 vel
1202 2681 1260 2752 σε·1

249 2767 326 2836 teris
350 2753 633 2843 observationibus
652 2768 722 2839 fieri
741 2769 840 2862 jobet,
864 2767 891 2838 si
909 2766 973 2837 hoc
995 2766 1039 2838 ad
1052 2791 1161 2836 ueram
1177 2768 1254 2838 bea-

250 2879 422 2950 titudiuem
453 2878 534 2949 nihil
563 2880 719 2950 attineat?
763 2877 853 2952 Nihil
876 2879 996 2974 quippe
1018 2877 1093 2948 illos
1117 2879 1256 2950 excludit

249 3015 270 3061 a
300 2990 515 3076 beatitudine,
545 2992 661 3088 quibus
684 3008 819 3088 peccata
842 2990 1054 3081 dimittuntur.
1098 2984 1255 3086 Alioquin

248 3129 311 3172 uec
346 3102 439 3177 vobis
468 3103 523 3174 illa
553 3120 640 3174 esset
668 3104 842 3199 speranda.
895 3099 963 3172 Cur
993 3103 1089 3174 etiam
1118 3120 1255 3198 peccata

249 3215 346 3284 uobis
371 3241 431 3309 per
454 3215 560 3310 legem
581 3217 760 3298 interdicit,
787 3215 850 3286 uisi
873 3230 909 3284 ot
930 3214 1029 3286 nobis
1048 3213 1128 3284 illud
1149 3239 1255 3285 reser-

248 3342 319 3409 vet,
353 3325 443 3421 quod
466 3345 617 3421 peccata,
652 3328 681 3398 si
711 3327 818 3398 desint
847 3325 1035 3411 conserunt,
1072 3326 1101 3396 si
1135 3325 1255 3410 adsint,

246 3437 476 3534 praepediunt.
1245 3509 1250 3520 ,

335 3548 496 3649 Philus.
540 3551 658 3635 Miror,
688 3567 720 3622 te
748 3550 828 3642 logis
859 3549 998 3645 peritum
1020 3566 1086 3622 mm
1109 3549 1253 3622 inconsi-

246 3661 358 3734 derate
393 3660 499 3758 loqui,
534 3679 579 3732 ut.
600 3664 685 3734 adeo
720 3663 1001 3735 circumcisionem
1032 3661 1182 3746 extollar,
1210 3687 1256 3734 no

245 3774 377 3848 mentiri
399 3774 541 3848 verearis
563 3775 704 3846 dicendo
728 3774 851 3852 scilicet
871 3793 950 3870 post
972 3774 1255 3848 circumcisionem

780 3880 803 3934 x
979 3904 983 3916 r

247 3935 451 3952 ——n—

263 4018 549 4093 otteramno
