2774 4486
543 185 864 260 mnu...

162 375 258 451 atque
271 359 424 430 omnium
439 361 619 430 attentione
633 362 732 450 digna
744 361 1010 450 conscripsisset,
1037 385 1075 428 aa
1087 363 1148 430 illo
1162 362 1249 431 libro

162 466 334 535 contineri·
384 463 499 550 Quare
522 466 640 546 licere,
659 467 774 553 ¹quid't
808 465 895 552 quod
919 475 1074 552 oportere
1095 465 1250 546 arbitror,

162 569 196 634 in
219 569 414 657 scriptione,
440 570 534 634 cuius
558 580 791 655 argumentum
819 578 937 632 auctor
963 567 1021 631 diu
1044 569 1250 653 multumque

163 683 274 740 ruente
287 671 428 736 volvisse
442 670 581 749 videtur,
604 673 766 748 omnium,
783 693 866 755 quae
881 670 922 734 de
938 669 1036 734 rebus
1052 670 1250 736 Christianis

161 775 327 854 statuerit,
348 773 441 858 quasi
460 773 629 838 cardinem
651 772 839 859 requirere,
869 783 902 836 et
921 771 1079 857 quidquid
1104 773 1250 862 peculia-

161 877 244 945 riter
259 877 499 964 excogitatum,
518 874 684 941 subtiliter
696 876 887 961 indagatum
904 897 942 940 ac
954 875 1097 939 firmiter
1111 897 1250 964 persua-

161 1001 235 1044 sum
260 978 430 1052 babuerit,
462 977 645 1066 repositum
673 999 742 1042 esse
763 975 971 1055 existimare,
1003 989 1111 1043 cetera
1139 988 1251 1043 autem

162 1103 264 1167 opera
279 1104 346 1147 nou
362 1080 423 1146 nisi
442 1077 499 1144 ubi
511 1077 705 1163 difficiliora
721 1079 881 1165 quaedam
895 1079 1106 1166 explicanda,
1130 1078 1251 1143 obscu-

161 1182 251 1248 riora
275 1182 487 1259 illustranda,
520 1180 697 1247 incertiora
717 1181 943 1246 confirmanda
966 1179 1107 1259 luerint,
1134 1180 1251 1246 auxilii

161 1285 264 1368 gratia
279 1284 460 1351 consulere.
502 1283 621 1368 Neque
643 1295 733 1349 tanta
753 1283 805 1348 val
829 1281 989 1370 temporis
1004 1284 1056 1348 vel
1074 1283 1250 1349 homiuum

162 1387 435 1454 meticulosornm
457 1387 584 1453 invidia
605 1383 684 1461 suit,
714 1395 750 1450 ut
773 1384 966 1474 primariam
988 1386 1099 1472 operis
1122 1396 1251 1473 partem

162 1487 256 1552 nobis
272 1489 495 1578 praeciperem
517 1487 619 1554 exiis
642 1489 751 1566 euim,
772 1510 857 1573 quae
874 1499 1070 1575 supersunt,
1090 1489 1129 1551 ad
1152 1489 1250 1552 totius

162 1589 257 1664 libri,
289 1590 418 1658 etiarnsi
438 1604 554 1657 auctor
579 1601 714 1679 coeptus
732 1613 819 1655 suos
843 1613 1013 1675 nunquam
1036 1588 1184 1655 fortassis
1208 1590 1250 1654 ad

164 1689 264 1758 linem
294 1715 432 1777 prorsus
456 1693 665 1782 perduxerit,
698 1692 846 1759 indolem
876 1691 1100 1758 verisimiliter
1129 1693 1252 1782 poterit

163 1795 327 1862 concludi.

690 2122 721 2194 Ι.

254 2320 430 2387 Materiale
455 2321 669 2390 institutionis
696 2321 866 2387 cuiusdam
899 2319 1102 2408 dogmaticae
1126 2320 1254 2408 princi-

163 2423 256 2512 pium
265 2469 277 2500 ,
293 2425 381 2490 sicut
397 2425 560 2490 monitum
573 2437 638 2502 est,
659 2425 693 2489 in
709 2424 799 2488 fonte
813 2424 1017 2503 continetur,
1039 2425 1127 2488 uude
1141 2426 1254 2490 omnia

165 2525 283 2608 placita
304 2525 488 2592 haurienda
513 2527 589 2596 sint.
639 2528 754 2611 Quum
781 2547 861 2592 vero
891 2527 1037 2591 eiusdem
1068 2525 1117 2592 rei
1143 2526 1254 2592 varius
1311 2560 1314 2564 ·

166 2647 243 2690 usus
257 2649 325 2691 ease
342 2639 440 2711 atque
459 2627 530 2694 lieri
552 2631 668 2717 possit,
698 2641 734 2694 ut
757 2629 900 2715 aliquid,
926 2631 1013 2715 quod
1035 2652 1094 2717 per
1115 2651 1149 2695 se
1171 2630 1253 2695 bene

165 2727 292 2801 habeat,
315 2749 490 2814 perperam
504 2731 708 2812 adhibeatur,
722 2733 807 2818 *quia
825 2734 927 2797 iustus
942 2733 1119 2798 adhibendi
1136 2735 1254 2798 modus

164 2828 337 2915 ignoratur
361 2833 414 2896 vel
434 2834 628 2918 negligitur,
650 2836 825 2900 dicendum
848 2837 947 2900 etiarn
969 2837 1010 2898 de
1032 2837 1159 2902 ratione
1181 2837 1254 2910 crit,

166 2951 230 3017 qua
246 2930 454 2998 Abaelardus
469 2933 559 2998 fonte
573 2957 633 2998 suo
649 2958 726 3002 usus
740 2938 791 3001 sit.
835 2936 1004 3000 Postremo
1020 2937 1053 3000 id
1071 2957 1201 3021 quoque
1218 2939 1254 3001 iu

166 3036 390 3122 quaestionem
405 3035 591 3100 vocandum
611 3059 680 3100 esse
695 3037 844 3112 ridetur,
867 3050 1028 3121 quatenus
1045 3039 1085 3103 ad
1106 3039 1200 3104 illum
1220 3061 1255 3104 se

166 3139 363 3228 applicuerit
391 3149 422 3203 et
442 3148 597 3223 quantam
621 3138 651 3202 ei
677 3138 746 3203 vim
768 3141 981 3214 concesserit,
1009 3150 1190 3219 tantamne,
1217 3153 1254 3206 ut

165 3254 280 3328 suapte
295 3240 487 3306 auctoritate
501 3238 675 3305 bominum
692 3240 821 3306 animos
842 3242 883 3306 ad
908 3241 1004 3306 fidem
1024 3254 1188 3322 moveret,
1210 3263 1254 3309 an

165 3343 375 3408 terminatam
392 3341 575 3425 quandam,
597 3363 680 3427 quae
701 3342 790 3407 aliud
806 3343 884 3428 quid
903 3336 1085 3410 necessario
1100 3347 1253 3431 require-

166 3456 236 3518 ret,
265 3445 331 3529 qno
353 3443 495 3510 efficacia
516 3466 575 3507 aua
597 3433 889 3510 consummaretur
902 3459 998 3531 atqua
1018 3449 1253 3514 absolveretur.

168 3546 256 3610 Tota
276 3546 378 3632 igitur
395 3545 559 3635 expositio
576 3546 740 3612 trifariam
758 3549 933 3614 dividenda
952 3550 1032 3630 erit,
1054 3553 1106 3615 ita
1126 3563 1162 3616 nt
1182 3554 1255 3640 pri·

167 3669 261 3713 enum
290 3648 368 3733 quid
393 3649 440 3714 de
467 3648 629 3736 scriptura
656 3672 749 3715 sacra
777 3663 809 3716 et
837 3651 1016 3717 traditione
1042 3654 1254 3740 doctrinaque

167 3752 382 3820 ecelesiastica
396 3750 786 3832 Abaelerduastatuerit,
806 3757 1013 3840 anqrriratur,
1035 3756 1136 3820 altera
1150 3769 1255 3844 parte,

165 3855 347 3920 secundum
362 3877 518 3940 quasnam
535 3855 621 3941 leges
636 3855 835 3944 scripturam
853 3861 1087 3947 interpretatus
1103 3870 1136 3923 et
1152 3859 1256 3923 tradi·

165 3957 256 4023 tione
276 3980 352 4023 usus
370 3957 428 4036 eit,
443 3967 659 4047 exponatur,
680 3958 778 4026 tertia
796 3961 939 4048 denique
955 3960 1133 4038 sententia,
1145 3977 1255 4047 'quam
