2740 4486
109 397 232 484 eodem
247 407 392 480 temporo
414 398 448 460 in
471 395 610 460 diversis
632 395 716 460 locis
739 375 897 472 habeturj
927 396 1033 472 sicut,
1055 393 1106 456 io·

109 532 221 594 qnam,
246 507 461 602 haecomnia
482 509 524 572 ad
550 506 813 594 singularitatem
840 507 930 571 illius
960 506 1107 587 corporis

109 627 266 701 attinent,
290 627 337 688 sic
359 624 447 688 istud
471 645 619 708 qnoque,
650 623 735 708 quod
758 624 905 688 diversas
928 619 1025 687 simol
1049 620 1107 684 ha·

109 737 165 802 bet
187 739 322 802 formas.
357 737 392 801 Si
416 741 502 802 enim
524 737 586 802 hoc
608 751 658 802 est
681 736 918 815 admirandum,
942 734 1107 800 nihilomi-

105 864 169 914 nus
193 849 441 934 unumquodque
469 847 609 912 aliorum
640 859 769 912 constat
798 869 872 912 esse
901 848 1106 928 stupendum,

6 941 7 946 ἵ
111 967 196 1052 qnod
219 970 329 1030 omnia
351 966 392 1030 de
415 978 556 1049 eolsont
577 964 779 1028 admiranda·
823 963 950 1030 Manna
979 985 1107 1048 quoque

109 1079 206 1164 hujus
218 1081 288 1143 veri
303 1081 396 1162 panis
409 1087 647 1142 sacramentum
658 1079 820 1155 extitisse,
837 1089 949 1158 aparte
962 1079 1109 1142 insinua·

108 1194 168 1256 vit.
204 1190 285 1256 Corn
304 1191 464 1274 siquidem
480 1189 559 1254 filiis
577 1189 683 1254 lsrael
705 1211 823 1254 unauna
842 1188 983 1272 plueret,
1006 1191 1108 1254 admi·

109 1316 239 1382 rantes,
263 1305 338 1388 quid
362 1317 471 1383 esset,
493 1305 634 1366 invicem
658 1301 877 1386 quaerebant:
912 1301 1051 1381 Manhu‚
1073 1301 1109 1366 id

110 1429 180 1494 est,
205 1417 282 1498 quid
305 1431 355 1478 est
378 1415 465 1481 hoel
509 1415 634 1479 Eodem
657 1416 754 1479 modo
777 1413 830 1478 hic
850 1436 979 1496 semper
997 1414 1110 1498 quaeri

108 1542 237 1614 potest:
262 1528 348 1605 Quid
372 1542 422 1592 est
445 1528 532 1593 honi
578 1527 705 1612 Quippe
732 1551 792 1592 nac
820 1527 994 1593 humanum
1015 1513 1109 1614 ioge-

7 1683 13 1690 ·
110 1647 199 1707 nium
227 1665 288 1707 nec
316 1641 431 1728 lingua
460 1643 670 1724 depromere,
704 1641 781 1726 quid
803 1644 865 1720 sit,
896 1641 993 1724 pleno
1017 1639 1109 1708 soffi-

110 1757 165 1821 cit.
199 1755 236 1822 Si
264 1757 350 1820 eninr
379 1754 530 1819 nolumus
560 1755 690 1834 dicero,
726 1755 812 1844 quod
842 1755 933 1822 illius
963 1759 1109 1838 corporis

110 1871 154 1934 sit
185 1869 268 1934 haec
302 1871 429 1947 forma,
464 1890 636 1950 possumus
671 1871 753 1934 satis
782 1866 914 1966 dipere3
959 1871 1046 1954 quod
1074 1873 1110 1935 iu

112 1987 190 2047 aire
214 1985 257 2047 sit
280 1977 339 2046 illa
367 1983 473 2046 forma
502 1982 543 2045 ad
574 1980 825 2045 occultationem
856 1977 988 2064 propter
1016 2003 1110 2064 praa·

111 2097 232 2161 dictam
259 2117 390 2160 causam
413 2097 522 2158 carnis
545 2106 579 2158 et
609 2096 779 2180 sanguinis
806 2103 995 2173 reservato,
1025 2097 1112 2160 sicut

111 2208 219 2274 forma
242 2207 382 2272 humana
409 2209 443 2271 in
466 2212 543 2271 ae‘re
564 2218 634 2286 ast,
672 2208 803 2290 quando
835 2206 973 2292 angelus
994 2209 1028 2271 in
1050 2202 1111 2272 ho'·

109 2327 197 2388 mine
226 2326 372 2408 apparet.
415 2323 468 2387 De
493 2321 573 2401 hoo,
605 2323 691 2405 quod
715 2321 919 2409 negligentia
942 2325 1110 2386 ministro·

108 2457 179 2500 rurn
213 2437 346 2499 evenire
381 2433 487 2515 solet,
534 2433 621 2518 quod
654 2433 784 2498 scilicet
818 2456 927 2499 mures
958 2435 1112 2499 videntur

108 2547 227 2612 rodere
250 2559 282 2610 et
304 2550 338 2611 iu
362 2569 418 2610 ore
440 2559 573 2630 portare
596 2569 713 2628 corpus
735 2546 839 2624 illud,
874 2553 989 2630 quaeri
1011 2546 1110 2612 solet.

107 2658 176 2728 Sed
194 2659 341 2736 dicimus,
366 2659 452 2742 quod
474 2659 566 2723 Deus
589 2658 672 2723 illud
702 2679 768 2722 non
790 2660 923 2722 dimittit
942 2659 1007 2738 ibi,
1030 2671 1066 2724 ut
1088 2681 1109 2726 a

108 2783 177 2836 tam
199 2774 283 2852 turpi
306 2771 440 2835 animali
470 2751 647 2844 t'rnctatur3
681 2771 740 2834 sed
763 2782 871 2835 tamen
894 2785 1043 2836 remanet
1064 2771 1112 2836 ibi

108 2884 217 2949 forma
250 2885 292 2947 ad
321 2883 557 2969 negligentiam
580 2885 801 2950 ministrorum
831 2884 1069 2970 corrigendam.
1172 2879 1174 2882 ’

194 2995 289 3062 Nunc
319 2996 359 3059 de
389 2995 539 3059 efficacia
568 2993 666 3080 hujus
700 2998 899 3062 sacramenti
928 2997 1110 3062 videamus.

108 3109 271 3176 Efficacia
295 3111 381 3176 enim
403 3107 502 3192 hujus
524 3111 631 3193 major
654 3122 688 3171 et
710 3109 828 3173 fortior
847 3122 915 3190 est,
936 3133 1033 3194 qnam
1051 3111 1112 3178 ali·

109 3227 205 3308 nujus
227 3224 384 3300 alterins,
419 3223 495 3304 quia
516 3223 550 3285 in
575 3231 701 3286 tanturn
723 3222 914 3302 confirmat,
948 3223 1034 3306 qood
1056 3225 1113 3307 qui

109 3337 230 3402 devote
265 3336 403 3416 accipit,
435 3335 587 3416 quamdiu
615 3357 674 3416 per
703 3334 925 3399 infirmitatem
947 3358 1040 3401 suam
1062 3338 1113 3424 ip·

75 3471 182 3528 ‚sum
206 3471 227 3513 a
259 3469 296 3512 sa
318 3436 392 3511 ‘non
421 3448 552 3531 rejicit,
586 3445 711 3512 nullam
742 3447 868 3514 dioboli
889 3431 1114 3515 'tentationem

107 3565 250 3648 patitur,
274 3565 351 3651 qnia
365 3583 423 3644 per
437 3561 534 3645 hujus
550 3560 767 3627 eucharistiae
783 3565 1027 3646 perceptionem
1042 3566 1114 3628 dia·

106 3675 206 3742 bolus
229 3676 371 3740 vincitur
401 3673 614 3772 atlraligatur
645 3688 678 3739 ct
706 3675 787 3741 licet
806 3667 841 3742 in
863 3699 920 3756 se,
952 3680 1007 3762 qui
1034 3677 1113 3744 talis

109 3801 182 3868 est,
205 3809 334 3871 semper
346 3793 389 3868 ²4)
411 3787 552 3866 habeat,
576 3800 684 3854 tamen
706 3791 813 3874 ipsum
841 3796 970 3876 semper
995 3793 1115 3878 recipit
1138 3878 1141 3882 Ι

65 3926 75 3938 “
109 3913 145 3966 et
165 3902 200 3968 in
223 3921 262 3966 eo
286 3897 507 3968 habitaculum
528 3900 620 3966 lacit.
