<?xml version="1.0" encoding="UTF-8"?>
<!DOCTYPE html PUBLIC "-//W3C//DTD XHTML 1.0 Transitional//EN"
    "http://www.w3.org/TR/xhtml1/DTD/xhtml1-transitional.dtd">
<html xmlns="http://www.w3.org/1999/xhtml" xml:lang="en" lang="en">
 <head>
  <title>
</title>
<meta http-equiv="Content-Type" content="text/html;charset=utf-8" />
  <meta name='ocr-system' content='tesseract 3.04.00' />
  <meta name='ocr-capabilities' content='ocr_page ocr_carea ocr_par ocr_line ocrx_word'/>
</head>
<body>
  <div class='ocr_page' id='page_1' title='image "./dialogusinterph00abelgoog_0196.png"; bbox 0 0 2740 4486; ppageno 0'>
   <div class='ocr_carea' id='block_1_1' title="bbox 245 400 1283 4007">
    <p class='ocr_par' dir='ltr' id='par_1_1' title="bbox 245 400 1283 4007">
     <span class='ocr_line' id='line_1_1' title="bbox 249 400 1250 502; baseline -0.005 -24"><span class='ocrx_word' id='word_1_1' title='bbox 249 410 349 478; x_wconf 86' lang='lat' dir='ltr'><strong>Hunc</strong></span> <span class='ocrx_word' id='word_1_2' title='bbox 364 400 407 474; x_wconf 62' lang='lat' dir='ltr'><strong>&#39;et</strong></span> <span class='ocrx_word' id='word_1_3' title='bbox 429 409 546 476; x_wconf 88' lang='lat' dir='ltr'><strong>beatus</strong></span> <span class='ocrx_word' id='word_1_4' title='bbox 569 409 750 498; x_wconf 73' lang='lat' dir='ltr'><strong>Gregorius</strong></span> <span class='ocrx_word' id='word_1_5' title='bbox 782 423 914 476; x_wconf 87' lang='lat' dir='ltr'><strong>secutus</strong></span> <span class='ocrx_word' id='word_1_6' title='bbox 942 417 977 478; x_wconf 92' lang='lat' dir='ltr'><strong>in</strong></span> <span class='ocrx_word' id='word_1_7' title='bbox 1010 414 1160 497; x_wconf 83' lang='lat' dir='ltr'><strong>symbolo</strong></span> <span class='ocrx_word' id='word_1_8' title='bbox 1183 420 1250 502; x_wconf 86' lang='lat' dir='ltr'><strong>epi.</strong></span> 
     </span>
     <span class='ocr_line' id='line_1_2' title="bbox 249 523 1249 608; baseline 0.008 -18"><span class='ocrx_word' id='word_1_9' title='bbox 249 523 347 590; x_wconf 83' lang='lat' dir='ltr'><strong>stolis</strong></span> <span class='ocrx_word' id='word_1_10' title='bbox 380 526 449 590; x_wconf 89' lang='lat' dir='ltr'><strong>suis</strong></span> <span class='ocrx_word' id='word_1_11' title='bbox 481 526 684 608; x_wconf 87' lang='lat' dir='ltr'><strong>praescripto</strong></span> <span class='ocrx_word' id='word_1_12' title='bbox 723 526 871 590; x_wconf 81' lang='lat' dir='ltr'>meminit</span> <span class='ocrx_word' id='word_1_13' title='bbox 906 525 1037 592; x_wconf 85' lang='lat' dir='ltr'><strong>dicens:</strong></span> <span class='ocrx_word' id='word_1_14' title='bbox 1079 526 1249 598; x_wconf 84' lang='lat' dir='ltr'><strong>Credimus</strong></span> 
     </span>
     <span class='ocr_line' id='line_1_3' title="bbox 249 635 1249 726; baseline 0.005 -22"><span class='ocrx_word' id='word_1_15' title='bbox 249 639 403 722; x_wconf 87' lang='lat' dir='ltr'><strong>spiritum</strong></span> <span class='ocrx_word' id='word_1_16' title='bbox 420 649 570 704; x_wconf 87' lang='lat' dir='ltr'><strong>sanctum</strong></span> <span class='ocrx_word' id='word_1_17' title='bbox 598 659 660 703; x_wconf 89' lang='lat' dir='ltr'><strong>neo</strong></span> <span class='ocrx_word' id='word_1_18' title='bbox 687 635 834 724; x_wconf 88' lang='lat' dir='ltr'><strong>g&#39;enitum</strong></span> <span class='ocrx_word' id='word_1_19' title='bbox 869 659 931 702; x_wconf 89' lang='lat' dir='ltr'><strong>neo</strong></span> <span class='ocrx_word' id='word_1_20' title='bbox 958 641 1140 726; x_wconf 87' lang='lat' dir='ltr'><strong>ingenitum</strong></span> <span class='ocrx_word' id='word_1_21' title='bbox 1162 665 1249 724; x_wconf 90' lang='lat' dir='ltr'><strong>esse,</strong></span> 
     </span>
     <span class='ocr_line' id='line_1_4' title="bbox 250 749 1250 834; baseline 0.006 -20"><span class='ocrx_word' id='word_1_22' title='bbox 250 750 310 816; x_wconf 85' lang='lat' dir='ltr'><strong>sed</strong></span> <span class='ocrx_word' id='word_1_23' title='bbox 332 761 543 816; x_wconf 87' lang='lat' dir='ltr'><strong>coaeternum</strong></span> <span class='ocrx_word' id='word_1_24' title='bbox 565 751 606 815; x_wconf 88' lang='lat' dir='ltr'><strong>de</strong></span> <span class='ocrx_word' id='word_1_25' title='bbox 628 762 721 833; x_wconf 87' lang='lat' dir='ltr'><strong>patre</strong></span> <span class='ocrx_word' id='word_1_26' title='bbox 745 764 781 820; x_wconf 85' lang='lat' dir='ltr'><strong>et</strong></span> <span class='ocrx_word' id='word_1_27' title='bbox 799 749 873 816; x_wconf 91' lang='lat' dir='ltr'><strong>filio</strong></span> <span class='ocrx_word' id='word_1_28' title='bbox 888 753 1132 834; x_wconf 86' lang='lat' dir='ltr'><strong>procedentem.</strong></span> <span class='ocrx_word' id='word_1_29' title='bbox 1169 753 1250 820; x_wconf 84' lang='lat' dir='ltr'><strong>Cum</strong></span> 
     </span>
     <span class='ocr_line' id='line_1_5' title="bbox 251 861 1250 948; baseline 0.005 -19"><span class='ocrx_word' id='word_1_30' title='bbox 251 876 360 929; x_wconf 90' lang='lat' dir='ltr'><strong>autem</strong></span> <span class='ocrx_word' id='word_1_31' title='bbox 383 884 595 948; x_wconf 86' lang='lat' dir='ltr'><strong>unaquaeque</strong></span> <span class='ocrx_word' id='word_1_32' title='bbox 617 861 732 930; x_wconf 89' lang='lat' dir='ltr'><strong>harum</strong></span> <span class='ocrx_word' id='word_1_33' title='bbox 762 886 974 948; x_wconf 76' lang='lat' dir='ltr'><strong>personarum</strong></span> <span class='ocrx_word' id='word_1_34' title='bbox 996 870 1040 931; x_wconf 84' lang='lat' dir='ltr'><strong>sit</strong></span> <span class='ocrx_word' id='word_1_35' title='bbox 1060 867 1189 948; x_wconf 82' lang='lat' dir='ltr'><strong>Deus,</strong></span> <span class='ocrx_word' id='word_1_36' title='bbox 1206 870 1250 935; x_wconf 88' lang='lat' dir='ltr'><strong>sit</strong></span> 
     </span>
     <span class='ocr_line' id='line_1_6' title="bbox 251 978 1251 1061; baseline 0.004 -18"><span class='ocrx_word' id='word_1_37' title='bbox 251 978 413 1056; x_wconf 87' lang='lat' dir='ltr'><strong>dominus,</strong></span> <span class='ocrx_word' id='word_1_38' title='bbox 436 978 481 1042; x_wconf 91' lang='lat' dir='ltr'><strong>sit</strong></span> <span class='ocrx_word' id='word_1_39' title='bbox 502 989 644 1057; x_wconf 88' lang='lat' dir='ltr'><strong>creator,</strong></span> <span class='ocrx_word' id='word_1_40' title='bbox 667 999 728 1041; x_wconf 89' lang='lat' dir='ltr'><strong>neo</strong></span> <span class='ocrx_word' id='word_1_41' title='bbox 749 1001 815 1044; x_wconf 90' lang='lat' dir='ltr'><strong>una</strong></span> <span class='ocrx_word' id='word_1_42' title='bbox 831 1000 973 1061; x_wconf 85' lang='lat' dir='ltr'><strong>persona</strong></span> <span class='ocrx_word' id='word_1_43' title='bbox 986 980 1163 1058; x_wconf 83' lang='lat' dir='ltr'><strong>sitalteca,</strong></span> <span class='ocrx_word' id='word_1_44' title='bbox 1185 1001 1251 1047; x_wconf 91' lang='lat' dir='ltr'><strong>nou</strong></span> 
     </span>
     <span class='ocr_line' id='line_1_7' title="bbox 252 1089 1250 1174; baseline 0.004 -20"><span class='ocrx_word' id='word_1_45' title='bbox 252 1103 320 1156; x_wconf 92' lang='lat' dir='ltr'><strong>tarn</strong></span> <span class='ocrx_word' id='word_1_46' title='bbox 340 1089 417 1154; x_wconf 88' lang='lat' dir='ltr'><strong>ideo</strong></span> <span class='ocrx_word' id='word_1_47' title='bbox 439 1089 551 1174; x_wconf 86' lang='lat' dir='ltr'><strong>plures</strong></span> <span class='ocrx_word' id='word_1_48' title='bbox 573 1092 619 1162; x_wconf 84' lang='lat' dir='ltr'><strong>dii</strong></span> <span class='ocrx_word' id='word_1_49' title='bbox 640 1090 696 1156; x_wconf 84' lang='lat' dir='ltr'><strong>vel</strong></span> <span class='ocrx_word' id='word_1_50' title='bbox 718 1091 841 1156; x_wconf 88' lang='lat' dir='ltr'><strong>domini</strong></span> <span class='ocrx_word' id='word_1_51' title='bbox 863 1103 960 1172; x_wconf 86' lang='lat' dir='ltr'><strong>sunt,</strong></span> <span class='ocrx_word' id='word_1_52' title='bbox 990 1115 1050 1159; x_wconf 88' lang='lat' dir='ltr'><strong>seu</strong></span> <span class='ocrx_word' id='word_1_53' title='bbox 1072 1106 1250 1173; x_wconf 72' lang='lat' dir='ltr'><strong>creatores,</strong></span> 
     </span>
     <span class='ocr_line' id='line_1_8' title="bbox 252 1201 1250 1288; baseline 0.005 -20"><span class='ocrx_word' id='word_1_54' title='bbox 252 1205 337 1269; x_wconf 85' lang='lat' dir='ltr'><strong>siout</strong></span> <span class='ocrx_word' id='word_1_55' title='bbox 367 1201 480 1285; x_wconf 87' lang='lat' dir='ltr'><strong>plures</strong></span> <span class='ocrx_word' id='word_1_56' title='bbox 511 1214 588 1268; x_wconf 90' lang='lat' dir='ltr'><strong>sunt</strong></span> <span class='ocrx_word' id='word_1_57' title='bbox 619 1215 795 1286; x_wconf 82' lang='lat' dir='ltr'><strong>personae.</strong></span> <span class='ocrx_word' id='word_1_58' title='bbox 850 1201 978 1288; x_wconf 77' lang='lat' dir='ltr'><strong>Quippe</strong></span> <span class='ocrx_word' id='word_1_59' title='bbox 1012 1227 1085 1270; x_wconf 90' lang='lat' dir='ltr'><strong>oum</strong></span> <span class='ocrx_word' id='word_1_60' title='bbox 1114 1207 1250 1272; x_wconf 86' lang='lat' dir='ltr'><strong>dicimus</strong></span> 
     </span>
     <span class='ocr_line' id='line_1_9' title="bbox 252 1313 1253 1400; baseline 0.002 -18"><span class='ocrx_word' id='word_1_61' title='bbox 252 1313 346 1382; x_wconf 88' lang='lat' dir='ltr'><strong>Deos</strong></span> <span class='ocrx_word' id='word_1_62' title='bbox 369 1326 402 1380; x_wconf 90' lang='lat' dir='ltr'><strong>et</strong></span> <span class='ocrx_word' id='word_1_63' title='bbox 424 1315 573 1380; x_wconf 88' lang='lat' dir='ltr'><strong>dominos</strong></span> <span class='ocrx_word' id='word_1_64' title='bbox 596 1328 652 1380; x_wconf 92' lang='lat' dir='ltr'><strong>aut</strong></span> <span class='ocrx_word' id='word_1_65' title='bbox 674 1329 859 1394; x_wconf 77' lang='lat' dir='ltr'><strong>creatores,</strong></span> <span class='ocrx_word' id='word_1_66' title='bbox 890 1318 1061 1400; x_wconf 88' lang='lat' dir='ltr'><strong>quemdam</strong></span> <span class='ocrx_word' id='word_1_67' title='bbox 1084 1341 1253 1384; x_wconf 83' lang='lat' dir='ltr'><strong>numerum</strong></span> 
     </span>
     <span class='ocr_line' id='line_1_10' title="bbox 250 1428 1253 1514; baseline 0.004 -22"><span class='ocrx_word' id='word_1_68' title='bbox 250 1449 363 1496; x_wconf 79' lang='lat' dir='ltr'><strong>rerum</strong></span> <span class='ocrx_word' id='word_1_69' title='bbox 385 1428 600 1508; x_wconf 89' lang='lat' dir='ltr'><strong>ostendimus,</strong></span> <span class='ocrx_word' id='word_1_70' title='bbox 622 1450 757 1513; x_wconf 84' lang='lat' dir='ltr'><strong>quarum</strong></span> <span class='ocrx_word' id='word_1_71' title='bbox 779 1451 994 1514; x_wconf 84' lang='lat' dir='ltr'><strong>unaquaeque</strong></span> <span class='ocrx_word' id='word_1_72' title='bbox 1016 1429 1109 1496; x_wconf 87' lang='lat' dir='ltr'><strong>Deus</strong></span> <span class='ocrx_word' id='word_1_73' title='bbox 1131 1433 1176 1496; x_wconf 84' lang='lat' dir='ltr'><strong>sit</strong></span> <span class='ocrx_word' id='word_1_74' title='bbox 1198 1445 1253 1496; x_wconf 88' lang='lat' dir='ltr'><strong>aut</strong></span> 
     </span>
     <span class='ocr_line' id='line_1_11' title="bbox 254 1540 1252 1621; baseline 0.006 -16"><span class='ocrx_word' id='word_1_75' title='bbox 254 1540 417 1621; x_wconf 89' lang='lat' dir='ltr'><strong>dominus,</strong></span> <span class='ocrx_word' id='word_1_76' title='bbox 439 1554 495 1607; x_wconf 88' lang='lat' dir='ltr'><strong>aut</strong></span> <span class='ocrx_word' id='word_1_77' title='bbox 516 1553 664 1620; x_wconf 85' lang='lat' dir='ltr'><strong>creator,</strong></span> <span class='ocrx_word' id='word_1_78' title='bbox 688 1564 759 1607; x_wconf 90' lang='lat' dir='ltr'><strong>cum</strong></span> <span class='ocrx_word' id='word_1_79' title='bbox 780 1544 814 1606; x_wconf 92' lang='lat' dir='ltr'><strong>in</strong></span> <span class='ocrx_word' id='word_1_80' title='bbox 838 1543 1008 1608; x_wconf 87' lang='lat' dir='ltr'><strong>divinitate</strong></span> <span class='ocrx_word' id='word_1_81' title='bbox 1032 1543 1127 1609; x_wconf 83' lang='lat' dir='ltr'><strong>nulle</strong></span> <span class='ocrx_word' id='word_1_82' title='bbox 1146 1567 1252 1612; x_wconf 88' lang='lat' dir='ltr'><strong>rerum</strong></span> 
     </span>
     <span class='ocr_line' id='line_1_12' title="bbox 254 1652 1252 1738; baseline 0.005 -20"><span class='ocrx_word' id='word_1_83' title='bbox 254 1656 360 1738; x_wconf 80' lang='lat' dir='ltr'><strong>possit</strong></span> <span class='ocrx_word' id='word_1_84' title='bbox 379 1677 454 1720; x_wconf 83' lang='lat' dir='ltr'><strong>esse</strong></span> <span class='ocrx_word' id='word_1_85' title='bbox 484 1652 673 1722; x_wconf 88' lang='lat' dir='ltr'><strong>multitudo.</strong></span> <span class='ocrx_word' id='word_1_86' title='bbox 717 1655 812 1722; x_wconf 87' lang='lat' dir='ltr'><strong>Unde</strong></span> <span class='ocrx_word' id='word_1_87' title='bbox 841 1667 873 1720; x_wconf 86' lang='lat' dir='ltr'><strong>ct</strong></span> <span class='ocrx_word' id='word_1_88' title='bbox 895 1655 1096 1722; x_wconf 84' lang='lat' dir='ltr'><strong>individuam</strong></span> <span class='ocrx_word' id='word_1_89' title='bbox 1118 1657 1252 1723; x_wconf 88' lang='lat' dir='ltr'><strong>dicimus</strong></span> 
     </span>
     <span class='ocr_line' id='line_1_13' title="bbox 256 1765 1253 1852; baseline 0.002 -20"><span class='ocrx_word' id='word_1_90' title='bbox 256 1769 446 1834; x_wconf 82' lang='lat' dir='ltr'><strong>trinitatem.</strong></span> <span class='ocrx_word' id='word_1_91' title='bbox 484 1765 567 1832; x_wconf 85' lang='lat' dir='ltr'><strong>Cum</strong></span> <span class='ocrx_word' id='word_1_92' title='bbox 583 1789 662 1832; x_wconf 87' lang='lat' dir='ltr'><strong>vero</strong></span> <span class='ocrx_word' id='word_1_93' title='bbox 685 1767 804 1833; x_wconf 83' lang='lat' dir='ltr'><strong>multas</strong></span> <span class='ocrx_word' id='word_1_94' title='bbox 826 1771 859 1833; x_wconf 92' lang='lat' dir='ltr'><strong>in</strong></span> <span class='ocrx_word' id='word_1_95' title='bbox 873 1767 947 1835; x_wconf 88' lang='lat' dir='ltr'><strong>Deo</strong></span> <span class='ocrx_word' id='word_1_96' title='bbox 970 1768 1161 1852; x_wconf 86' lang='lat' dir='ltr'><strong>profitemur</strong></span> <span class='ocrx_word' id='word_1_97' title='bbox 1182 1791 1253 1851; x_wconf 89' lang='lat' dir='ltr'><strong>par·</strong></span> 
     </span>
     <span class='ocr_line' id='line_1_14' title="bbox 257 1881 1254 1965; baseline -0.002 -19"><span class='ocrx_word' id='word_1_98' title='bbox 257 1903 370 1962; x_wconf 80' lang='lat' dir='ltr'><strong>sonas,</strong></span> <span class='ocrx_word' id='word_1_99' title='bbox 391 1883 624 1965; x_wconf 83' lang='lat' dir='ltr'><strong>proprietatem</strong></span> <span class='ocrx_word' id='word_1_100' title='bbox 646 1902 712 1946; x_wconf 91' lang='lat' dir='ltr'><strong>non</strong></span> <span class='ocrx_word' id='word_1_101' title='bbox 734 1904 843 1946; x_wconf 86' lang='lat' dir='ltr'><strong>rerum</strong></span> <span class='ocrx_word' id='word_1_102' title='bbox 865 1881 1106 1946; x_wconf 76' lang='lat' dir='ltr'><strong>multitudinem</strong></span> <span class='ocrx_word' id='word_1_103' title='bbox 1121 1883 1254 1946; x_wconf 87' lang='lat' dir='ltr'><strong>demon·</strong></span> 
     </span>
     <span class='ocr_line' id='line_1_15' title="bbox 256 1992 1254 2082; baseline -0.002 -20"><span class='ocrx_word' id='word_1_104' title='bbox 256 2007 409 2062; x_wconf 75' lang='lat' dir='ltr'><strong>strumus.</strong></span> <span class='ocrx_word' id='word_1_105' title='bbox 454 1992 625 2070; x_wconf 80' lang='lat' dir='ltr'><strong>Quaedam</strong></span> <span class='ocrx_word' id='word_1_106' title='bbox 658 2017 737 2082; x_wconf 86' lang='lat' dir='ltr'><strong>crgo</strong></span> <span class='ocrx_word' id='word_1_107' title='bbox 768 1997 809 2060; x_wconf 92' lang='lat' dir='ltr'><strong>de</strong></span> <span class='ocrx_word' id='word_1_108' title='bbox 832 1995 971 2082; x_wconf 86' lang='lat' dir='ltr'><strong>singulis</strong></span> <span class='ocrx_word' id='word_1_109' title='bbox 993 2008 1120 2061; x_wconf 86' lang='lat' dir='ltr'><strong>tautum</strong></span> <span class='ocrx_word' id='word_1_110' title='bbox 1143 1996 1254 2060; x_wconf 87' lang='lat' dir='ltr'><strong>dicun·</strong></span> 
     </span>
     <span class='ocr_line' id='line_1_16' title="bbox 256 2108 1255 2195; baseline -0.006 -17"><span class='ocrx_word' id='word_1_111' title='bbox 256 2124 309 2188; x_wconf 82' lang='lat' dir='ltr'><strong>tur</strong></span> <span class='ocrx_word' id='word_1_112' title='bbox 328 2109 492 2195; x_wconf 87' lang='lat' dir='ltr'><strong>personis,</strong></span> <span class='ocrx_word' id='word_1_113' title='bbox 512 2120 548 2172; x_wconf 92' lang='lat' dir='ltr'><strong>ut</strong></span> <span class='ocrx_word' id='word_1_114' title='bbox 569 2110 735 2195; x_wconf 87' lang='lat' dir='ltr'><strong>ingenitus</strong></span> <span class='ocrx_word' id='word_1_115' title='bbox 757 2111 798 2176; x_wconf 87' lang='lat' dir='ltr'><strong>de</strong></span> <span class='ocrx_word' id='word_1_116' title='bbox 821 2108 1011 2194; x_wconf 89' lang='lat' dir='ltr'><strong>solopatre,</strong></span> <span class='ocrx_word' id='word_1_117' title='bbox 1035 2111 1166 2194; x_wconf 86' lang='lat' dir='ltr'><strong>genitus</strong></span> <span class='ocrx_word' id='word_1_118' title='bbox 1182 2110 1255 2173; x_wconf 87' lang='lat' dir='ltr'><strong>sive</strong></span> 
     </span>
     <span class='ocr_line' id='line_1_17' title="bbox 256 2207 1254 2306; baseline -0.005 -16"><span class='ocrx_word' id='word_1_119' title='bbox 256 2226 445 2290; x_wconf 85' lang='lat' dir='ltr'><strong>incarnatus</strong></span> <span class='ocrx_word' id='word_1_120' title='bbox 470 2221 613 2304; x_wconf 72' lang='lat' dir='ltr'><strong>desolo</strong></span> <span class='ocrx_word' id='word_1_121' title='bbox 643 2221 734 2302; x_wconf 84' lang='lat' dir='ltr'><strong>filio,</strong></span> <span class='ocrx_word' id='word_1_122' title='bbox 762 2223 942 2306; x_wconf 86' lang='lat' dir='ltr'><strong>procedens</strong></span> <span class='ocrx_word' id='word_1_123' title='bbox 971 2207 1179 2306; x_wconf 56' lang='lat' dir='ltr'><strong>ab&#39;utroque</strong></span> <span class='ocrx_word' id='word_1_124' title='bbox 1213 2221 1254 2286; x_wconf 89' lang='lat' dir='ltr'><strong>de</strong></span> 
     </span>
     <span class='ocr_line' id='line_1_18' title="bbox 249 2325 1283 2420; baseline -0.01 -16"><span class='ocrx_word' id='word_1_125' title='bbox 249 2337 470 2420; x_wconf 76' lang='lat' dir='ltr'><strong>-solo‘spiritu</strong></span> <span class='ocrx_word' id='word_1_126' title='bbox 491 2345 625 2410; x_wconf 87' lang='lat' dir='ltr'><strong>saucto;</strong></span> <span class='ocrx_word' id='word_1_127' title='bbox 656 2335 819 2418; x_wconf 55' lang='lat' dir='ltr'><strong>quaedam:</strong></span> <span class='ocrx_word' id='word_1_128' title='bbox 850 2325 1047 2418; x_wconf 80' lang='lat' dir='ltr'><strong>conjunciim</strong></span> <span class='ocrx_word' id='word_1_129' title='bbox 1077 2345 1200 2401; x_wconf 86' lang='lat' dir='ltr'><strong>tanturn</strong></span> <span class='ocrx_word' id='word_1_130' title='bbox 1223 2345 1283 2400; x_wconf 83' lang='lat' dir='ltr'><strong>et.</strong></span> 
     </span>
     <span class='ocr_line' id='line_1_19' title="bbox 254 2445 1255 2536; baseline -0.007 -17"><span class='ocrx_word' id='word_1_131' title='bbox 254 2471 324 2519; x_wconf 82' lang='lat' dir='ltr'><strong>non</strong></span> <span class='ocrx_word' id='word_1_132' title='bbox 346 2448 554 2536; x_wconf 77' lang='lat' dir='ltr'><strong>singillatim,</strong></span> <span class='ocrx_word' id='word_1_133' title='bbox 576 2460 610 2512; x_wconf 93' lang='lat' dir='ltr'><strong>ut</strong></span> <span class='ocrx_word' id='word_1_134' title='bbox 630 2448 759 2512; x_wconf 80' lang='lat' dir='ltr'><strong>trinitas</strong></span> <span class='ocrx_word' id='word_1_135' title='bbox 781 2446 878 2512; x_wconf 88' lang='lat' dir='ltr'><strong>simul</strong></span> <span class='ocrx_word' id='word_1_136' title='bbox 903 2449 944 2513; x_wconf 90' lang='lat' dir='ltr'><strong>de</strong></span> <span class='ocrx_word' id='word_1_137' title='bbox 962 2445 1066 2513; x_wconf 87' lang='lat' dir='ltr'><strong>tribus</strong></span> <span class='ocrx_word' id='word_1_138' title='bbox 1087 2449 1255 2528; x_wconf 86' lang='lat' dir='ltr'><strong>personis;</strong></span> 
     </span>
     <span class='ocr_line' id='line_1_20' title="bbox 259 2563 1258 2651; baseline -0.007 -21"><span class='ocrx_word' id='word_1_139' title='bbox 259 2566 418 2651; x_wconf 83' lang='lat' dir='ltr'><strong>qrraedam</strong></span> <span class='ocrx_word' id='word_1_140' title='bbox 442 2578 509 2632; x_wconf 89' lang='lat' dir='ltr'><strong>tarn</strong></span> <span class='ocrx_word' id='word_1_141' title='bbox 529 2567 728 2648; x_wconf 88' lang='lat' dir='ltr'><strong>conjunctim</strong></span> <span class='ocrx_word' id='word_1_142' title='bbox 750 2587 847 2647; x_wconf 88' lang='lat' dir='ltr'><strong>quam</strong></span> <span class='ocrx_word' id='word_1_143' title='bbox 870 2565 1002 2630; x_wconf 78' lang='lat' dir='ltr'><strong>divisim</strong></span> <span class='ocrx_word' id='word_1_144' title='bbox 1024 2563 1065 2628; x_wconf 93' lang='lat' dir='ltr'><strong>de</strong></span> <span class='ocrx_word' id='word_1_145' title='bbox 1086 2563 1135 2626; x_wconf 90' lang='lat' dir='ltr'><strong>cis</strong></span> <span class='ocrx_word' id='word_1_146' title='bbox 1153 2581 1258 2644; x_wconf 86' lang='lat' dir='ltr'><strong>aeque</strong></span> 
     </span>
     <span class='ocr_line' id='line_1_21' title="bbox 259 2677 1260 2757; baseline -0.006 -14"><span class='ocrx_word' id='word_1_147' title='bbox 259 2678 420 2757; x_wconf 92' lang='lat' dir='ltr'><strong>dicuntur,</strong></span> <span class='ocrx_word' id='word_1_148' title='bbox 442 2691 477 2744; x_wconf 87' lang='lat' dir='ltr'><strong>ut</strong></span> <span class='ocrx_word' id='word_1_149' title='bbox 488 2677 593 2756; x_wconf 88' lang='lat' dir='ltr'><strong>Deus,</strong></span> <span class='ocrx_word' id='word_1_150' title='bbox 617 2689 756 2756; x_wconf 86' lang='lat' dir='ltr'><strong>creator,</strong></span> <span class='ocrx_word' id='word_1_151' title='bbox 781 2677 942 2755; x_wconf 90' lang='lat' dir='ltr'><strong>domiuus,</strong></span> <span class='ocrx_word' id='word_1_152' title='bbox 966 2678 1183 2757; x_wconf 86' lang='lat' dir='ltr'><strong>omnipotens,</strong></span> <span class='ocrx_word' id='word_1_153' title='bbox 1204 2693 1260 2738; x_wconf 86' lang='lat' dir='ltr'><strong>sa·</strong></span> 
     </span>
     <span class='ocr_line' id='line_1_22' title="bbox 259 2788 1260 2875; baseline -0.001 -18"><span class='ocrx_word' id='word_1_154' title='bbox 259 2795 403 2875; x_wconf 90' lang='lat' dir='ltr'><strong>pientia,</strong></span> <span class='ocrx_word' id='word_1_155' title='bbox 426 2794 528 2856; x_wconf 84' lang='lat' dir='ltr'><strong>virtus</strong></span> <span class='ocrx_word' id='word_1_156' title='bbox 552 2803 639 2856; x_wconf 85' lang='lat' dir='ltr'><strong>eto..</strong></span> <span class='ocrx_word' id='word_1_157' title='bbox 684 2791 797 2856; x_wconf 88' lang='lat' dir='ltr'><strong>Solum</strong></span> <span class='ocrx_word' id='word_1_158' title='bbox 820 2812 899 2855; x_wconf 83' lang='lat' dir='ltr'><strong>vero</strong></span> <span class='ocrx_word' id='word_1_159' title='bbox 922 2789 984 2854; x_wconf 86' lang='lat' dir='ltr'><strong>lroc</strong></span> <span class='ocrx_word' id='word_1_160' title='bbox 1006 2809 1147 2867; x_wconf 81' lang='lat' dir='ltr'><strong>nomen,</strong></span> <span class='ocrx_word' id='word_1_161' title='bbox 1172 2788 1260 2870; x_wconf 86' lang='lat' dir='ltr'><strong>quod</strong></span> 
     </span>
     <span class='ocr_line' id='line_1_23' title="bbox 259 2897 1261 2988; baseline -0.009 -18"><span class='ocrx_word' id='word_1_162' title='bbox 259 2917 313 2971; x_wconf 85' lang='lat' dir='ltr'><strong>est</strong></span> <span class='ocrx_word' id='word_1_163' title='bbox 334 2903 678 2988; x_wconf 84' lang='lat' dir='ltr'><strong>persona,pluraliter</strong></span> <span class='ocrx_word' id='word_1_164' title='bbox 699 2904 917 2986; x_wconf 79' lang='lat' dir='ltr'><strong>proferimus,</strong></span> <span class='ocrx_word' id='word_1_165' title='bbox 941 2923 1012 2970; x_wconf 88' lang='lat' dir='ltr'><strong>curn</strong></span> <span class='ocrx_word' id='word_1_166' title='bbox 1034 2899 1164 2967; x_wconf 87' lang='lat' dir='ltr'><strong>scilieet</strong></span> <span class='ocrx_word' id='word_1_167' title='bbox 1188 2897 1261 2980; x_wconf 88' lang='lat' dir='ltr'><strong>plu·</strong></span> 
     </span>
     <span class='ocr_line' id='line_1_24' title="bbox 245 2994 1263 3101; baseline -0.01 -17"><span class='ocrx_word' id='word_1_168' title='bbox 245 3032 315 3085; x_wconf 81' lang='lat' dir='ltr'><strong>&#39;seo</strong></span> <span class='ocrx_word' id='word_1_169' title='bbox 337 2994 496 3101; x_wconf 82' lang='lat' dir='ltr'><strong>personas</strong></span> <span class='ocrx_word' id='word_1_170' title='bbox 517 3017 740 3099; x_wconf 84' lang='lat' dir='ltr'><strong>profiteamur,</strong></span> <span class='ocrx_word' id='word_1_171' title='bbox 753 3051 755 3058; x_wconf 95' lang='lat'>·</span> <span class='ocrx_word' id='word_1_172' title='bbox 766 3039 830 3082; x_wconf 87' lang='lat' dir='ltr'><strong>uon</strong></span> <span class='ocrx_word' id='word_1_173' title='bbox 843 3016 936 3081; x_wconf 87' lang='lat' dir='ltr'><strong>Deos</strong></span> <span class='ocrx_word' id='word_1_174' title='bbox 959 3025 1015 3080; x_wconf 88' lang='lat' dir='ltr'><strong>aut</strong></span> <span class='ocrx_word' id='word_1_175' title='bbox 1036 3013 1184 3078; x_wconf 84' lang='lat' dir='ltr'><strong>dominos</strong></span> <span class='ocrx_word' id='word_1_176' title='bbox 1198 3031 1263 3074; x_wconf 88' lang='lat' dir='ltr'><strong>neo</strong></span> 
     </span>
     <span class='ocr_line' id='line_1_25' title="bbox 253 3121 1263 3216; baseline -0.009 -20"><span class='ocrx_word' id='word_1_177' title='bbox 253 3129 364 3196; x_wconf 88' lang='lat' dir='ltr'><strong>ullam</strong></span> <span class='ocrx_word' id='word_1_178' title='bbox 403 3132 439 3198; x_wconf 92' lang='lat' dir='ltr'><strong>in</strong></span> <span class='ocrx_word' id='word_1_179' title='bbox 484 3133 601 3200; x_wconf 76' lang='lat' dir='ltr'><strong>ceteris</strong></span> <span class='ocrx_word' id='word_1_180' title='bbox 642 3129 864 3214; x_wconf 79' lang='lat' dir='ltr'><strong>pluralitatem</strong></span> <span class='ocrx_word' id='word_1_181' title='bbox 901 3129 1107 3216; x_wconf 84' lang='lat' dir='ltr'><strong>recipiamus.</strong></span> <span class='ocrx_word' id='word_1_182' title='bbox 1162 3121 1263 3190; x_wconf 90' lang='lat' dir='ltr'><strong>Unde</strong></span> 
     </span>
     <span class='ocr_line' id='line_1_26' title="bbox 256 3234 1264 3333; baseline -0.013 -23"><span class='ocrx_word' id='word_1_183' title='bbox 256 3243 463 3330; x_wconf 85' lang='lat' dir='ltr'><strong>Augustinus</strong></span> <span class='ocrx_word' id='word_1_184' title='bbox 493 3242 534 3333; x_wconf 82' lang='lat' dir='ltr'><strong>de</strong></span> <span class='ocrx_word' id='word_1_185' title='bbox 567 3245 713 3332; x_wconf 75' lang='lat' dir='ltr'><strong>trinitate</strong></span> <span class='ocrx_word' id='word_1_186' title='bbox 746 3241 831 3306; x_wconf 89' lang='lat' dir='ltr'><strong>libro</strong></span> <span class='ocrx_word' id='word_1_187' title='bbox 865 3237 942 3306; x_wconf 84' lang='lat' dir='ltr'><strong>Vll.</strong></span> <span class='ocrx_word' id='word_1_188' title='bbox 976 3260 1005 3302; x_wconf 86' lang='lat' dir='ltr'><strong>c.</strong></span> <span class='ocrx_word' id='word_1_189' title='bbox 1029 3242 1062 3301; x_wconf 90' lang='grc'><strong>6.</strong></span> <span class='ocrx_word' id='word_1_190' title='bbox 1092 3248 1184 3320; x_wconf 85' lang='lat' dir='ltr'><strong>pater</strong></span> <span class='ocrx_word' id='word_1_191' title='bbox 1218 3234 1264 3298; x_wconf 86' lang='lat' dir='ltr'><strong>ed</strong></span> 
     </span>
     <span class='ocr_line' id='line_1_27' title="bbox 254 3348 1266 3438; baseline -0.011 -15"><span class='ocrx_word' id='word_1_192' title='bbox 254 3378 299 3423; x_wconf 42' lang='lat' dir='ltr'><strong>*se</strong></span> <span class='ocrx_word' id='word_1_193' title='bbox 333 3355 452 3421; x_wconf 82' lang='lat' dir='ltr'><strong>dicitur</strong></span> <span class='ocrx_word' id='word_1_194' title='bbox 483 3375 644 3438; x_wconf 86' lang='lat' dir='ltr'><strong>persone,</strong></span> <span class='ocrx_word' id='word_1_195' title='bbox 679 3375 741 3422; x_wconf 89' lang='lat' dir='ltr'><strong>neo</strong></span> <span class='ocrx_word' id='word_1_196' title='bbox 763 3351 932 3419; x_wconf 87' lang='lat' dir='ltr'><strong>adfilium</strong></span> <span class='ocrx_word' id='word_1_197' title='bbox 965 3348 1020 3415; x_wconf 90' lang='lat' dir='ltr'><strong>vel</strong></span> <span class='ocrx_word' id='word_1_198' title='bbox 1043 3348 1083 3414; x_wconf 85' lang='lat' dir='ltr'><strong>ad</strong></span> <span class='ocrx_word' id='word_1_199' title='bbox 1113 3349 1266 3431; x_wconf 87' lang='lat' dir='ltr'><strong>spiritum</strong></span> 
     </span>
     <span class='ocr_line' id='line_1_28' title="bbox 260 3461 1266 3545; baseline -0.012 -11"><span class='ocrx_word' id='word_1_200' title='bbox 260 3479 420 3534; x_wconf 87' lang='lat' dir='ltr'><strong>sanctum.</strong></span> <span class='ocrx_word' id='word_1_201' title='bbox 449 3465 533 3532; x_wconf 82' lang='lat' dir='ltr'><strong>ltent</strong></span> <span class='ocrx_word' id='word_1_202' title='bbox 544 3465 608 3532; x_wconf 88' lang='lat' dir='ltr'><strong>hoo</strong></span> <span class='ocrx_word' id='word_1_203' title='bbox 619 3465 726 3530; x_wconf 92' lang='lat' dir='ltr'><strong>solum</strong></span> <span class='ocrx_word' id='word_1_204' title='bbox 739 3486 857 3530; x_wconf 88' lang='lat' dir='ltr'><strong>nomeu</strong></span> <span class='ocrx_word' id='word_1_205' title='bbox 871 3475 933 3541; x_wconf 91' lang='lat' dir='ltr'><strong>est,</strong></span> <span class='ocrx_word' id='word_1_206' title='bbox 950 3462 1035 3545; x_wconf 88' lang='lat' dir='ltr'><strong>quod</strong></span> <span class='ocrx_word' id='word_1_207' title='bbox 1051 3483 1122 3526; x_wconf 91' lang='lat' dir='ltr'><strong>cum</strong></span> <span class='ocrx_word' id='word_1_208' title='bbox 1136 3461 1266 3524; x_wconf 88' lang='lat' dir='ltr'><strong>dicatur</strong></span> 
     </span>
     <span class='ocr_line' id='line_1_29' title="bbox 254 3572 1266 3665; baseline -0.008 -21"><span class='ocrx_word' id='word_1_209' title='bbox 254 3578 303 3645; x_wconf 70' lang='lat' dir='ltr'><strong>,de</strong></span> <span class='ocrx_word' id='word_1_210' title='bbox 317 3579 456 3665; x_wconf 89' lang='lat' dir='ltr'><strong>siugulis</strong></span> <span class='ocrx_word' id='word_1_211' title='bbox 469 3579 510 3643; x_wconf 89' lang='lat' dir='ltr'><strong>ad</strong></span> <span class='ocrx_word' id='word_1_212' title='bbox 519 3601 556 3643; x_wconf 92' lang='lat' dir='ltr'><strong>se</strong></span> <span class='ocrx_word' id='word_1_213' title='bbox 567 3578 748 3661; x_wconf 85' lang='lat' dir='ltr'><strong>pluraliter,</strong></span> <span class='ocrx_word' id='word_1_214' title='bbox 758 3600 824 3642; x_wconf 92' lang='lat' dir='ltr'><strong>nou</strong></span> <span class='ocrx_word' id='word_1_215' title='bbox 837 3575 1049 3663; x_wconf 87' lang='lat' dir='ltr'><strong>singulariter</strong></span> <span class='ocrx_word' id='word_1_216' title='bbox 1061 3575 1217 3655; x_wconf 86' lang='lat' dir='ltr'><strong>accipitur</strong></span> <span class='ocrx_word' id='word_1_217' title='bbox 1227 3572 1266 3636; x_wconf 92' lang='lat' dir='ltr'><strong>in</strong></span> 
     </span>
     <span class='ocr_line' id='line_1_30' title="bbox 261 3685 1266 3776; baseline -0.011 -18"><span class='ocrx_word' id='word_1_218' title='bbox 261 3712 399 3758; x_wconf 84' lang='lat' dir='ltr'><strong>summa.</strong></span> <span class='ocrx_word' id='word_1_219' title='bbox 430 3690 577 3758; x_wconf 84' lang='lat' dir='ltr'><strong>Dicimus</strong></span> <span class='ocrx_word' id='word_1_220' title='bbox 589 3713 746 3776; x_wconf 86' lang='lat' dir='ltr'><strong>namque:</strong></span> <span class='ocrx_word' id='word_1_221' title='bbox 769 3700 862 3774; x_wconf 83' lang='lat' dir='ltr'><strong>pater</strong></span> <span class='ocrx_word' id='word_1_222' title='bbox 875 3702 926 3754; x_wconf 83' lang='lat' dir='ltr'><strong>est</strong></span> <span class='ocrx_word' id='word_1_223' title='bbox 937 3707 1091 3771; x_wconf 87' lang='lat' dir='ltr'><strong>persona,</strong></span> <span class='ocrx_word' id='word_1_224' title='bbox 1106 3685 1196 3750; x_wconf 88' lang='lat' dir='ltr'><strong>tilius</strong></span> <span class='ocrx_word' id='word_1_225' title='bbox 1210 3697 1266 3748; x_wconf 85' lang='lat' dir='ltr'><strong>est</strong></span> 
     </span>
     <span class='ocr_line' id='line_1_31' title="bbox 260 3805 1269 3888; baseline -0.008 -20"><span class='ocrx_word' id='word_1_226' title='bbox 260 3825 415 3888; x_wconf 86' lang='lat' dir='ltr'><strong>persona,</strong></span> <span class='ocrx_word' id='word_1_227' title='bbox 436 3805 570 3887; x_wconf 88' lang='lat' dir='ltr'><strong>spiritus</strong></span> <span class='ocrx_word' id='word_1_228' title='bbox 584 3817 724 3870; x_wconf 48' lang='lat' dir='ltr'><strong>sanutus,</strong></span> <span class='ocrx_word' id='word_1_229' title='bbox 734 3818 786 3870; x_wconf 88' lang='lat' dir='ltr'><strong>est</strong></span> <span class='ocrx_word' id='word_1_230' title='bbox 799 3824 957 3888; x_wconf 80' lang='lat' dir='ltr'><strong>persona3</strong></span> <span class='ocrx_word' id='word_1_231' title='bbox 980 3813 1074 3886; x_wconf 84' lang='lat' dir='ltr'><strong>pater</strong></span> <span class='ocrx_word' id='word_1_232' title='bbox 1096 3809 1206 3863; x_wconf 85' lang='lat' dir='ltr'><strong>tamen</strong></span> <span class='ocrx_word' id='word_1_233' title='bbox 1230 3806 1269 3861; x_wconf 85' lang='lat' dir='ltr'><strong>et</strong></span> 
     </span>
     <span class='ocr_line' id='line_1_32' title="bbox 261 3909 1269 4007; baseline -0.012 -25"><span class='ocrx_word' id='word_1_234' title='bbox 261 3914 350 3984; x_wconf 87' lang='lat' dir='ltr'><strong>lilius</strong></span> <span class='ocrx_word' id='word_1_235' title='bbox 372 3927 405 3982; x_wconf 83' lang='lat' dir='ltr'><strong>et</strong></span> <span class='ocrx_word' id='word_1_236' title='bbox 416 3917 550 4002; x_wconf 85' lang='lat' dir='ltr'><strong>spiritus</strong></span> <span class='ocrx_word' id='word_1_237' title='bbox 562 3928 696 3986; x_wconf 84' lang='lat' dir='ltr'><strong>sanctus</strong></span> <span class='ocrx_word' id='word_1_238' title='bbox 709 3937 775 3986; x_wconf 90' lang='lat' dir='ltr'><strong>uon</strong></span> <span class='ocrx_word' id='word_1_239' title='bbox 786 3929 942 3988; x_wconf 79' lang='lat' dir='ltr'><strong>scutum</strong></span> <span class='ocrx_word' id='word_1_240' title='bbox 955 3909 1269 4007; x_wconf 77' lang='lat' dir='ltr'><strong>pecsonssedtres.</strong></span> 
     </span>
    </p>
   </div>
   <div class='ocr_carea' id='block_1_2' title="bbox 0 0 1387 4484">
    <p class='ocr_par' dir='ltr' id='par_1_2' title="bbox 0 0 1387 4484">
     <span class='ocr_line' id='line_1_33' title="bbox 0 0 1387 4484; baseline 0 0"><span class='ocrx_word' id='word_1_241' title='bbox 0 0 1387 4484; x_wconf 95' lang='lat' dir='ltr'><strong> </strong></span> 
     </span>
    </p>
   </div>
  </div>
 </body>
</html>
