2798 4486
114 455 182 500 cum
203 427 352 500 videlicet
374 454 472 500 nemo
489 428 625 525 pulcher
642 423 684 498 sit
699 429 862 526 pulchrior
883 431 953 524 (fol.
969 443 1021 511 32.
1033 435 1104 534 R),
1146 489 1153 512 ,

112 540 243 636 pulchro
267 541 460 636 simpliciter,
483 541 605 612 scilicet
627 558 659 611 et
682 543 875 633 generaliter
888 545 964 624 licet
978 549 1019 619 sit
1033 551 1105 646 pnl-

40 654 41 664 ’
113 653 214 722 clarior
234 653 298 726 alio
316 653 465 748 pulchro.
503 652 589 742 Quis
605 652 756 751 denique,
780 656 835 749 qui
854 683 922 727 nou
939 659 1105 755 intelligat,

114 791 205 860 quam
227 766 469 834 insanissimum
493 766 536 834 sit
559 765 682 850 dicere,
712 768 822 838 omnia
849 787 985 864 peccata
1012 774 1106 867 paria

114 879 202 946 esse?
231 879 308 947 Sive
333 879 417 948 enim
440 894 611 974 peccatum
632 879 668 946 in
690 878 855 950 voluntate
879 883 945 952 sive
969 883 1003 952 in
1026 911 1104 980 ope-

31 999 35 1018 '
112 989 231 1057 ratione
262 990 617 1078 constituamlarum
646 1007 697 1060 est
724 991 757 1060 in
786 994 881 1064 malis
907 993 1105 1082 hominibus,

113 1099 205 1168 alium
233 1100 296 1171 alio
327 1102 446 1172 habere
475 1104 665 1198 nequiorem
689 1103 890 1174 voluntatem
914 1108 1105 1202 etamplius

112 1238 225 1282 nocere
242 1214 308 1284 sive
325 1215 465 1283 deterius
484 1240 590 1308 agere.
624 1211 789 1286 Voluntas
802 1217 924 1312 quippe
940 1220 981 1289 ad
998 1236 1107 1293 actum

111 1325 267 1418 perducit,
290 1343 322 1395 et
345 1351 417 1395 cum
440 1325 576 1396 facultas
599 1327 741 1396 nocendi
759 1328 863 1414 datur,
885 1330 1022 1426 amplius
1041 1334 1106 1419 hio,

112 1459 206 1532 qnam
228 1437 281 1506 ille
306 1454 413 1522 nocet,
435 1437 487 1507 vel
508 1437 611 1529 magis
636 1438 777 1534 aliquem
797 1443 919 1533 justum
938 1447 1106 1540 persequi·

111 1566 173 1635 tur,
202 1551 277 1645 quia
302 1549 374 1644 plus
399 1577 472 1618 eum
496 1549 566 1619 odit
588 1565 620 1619 et
643 1549 786 1643 affligere
810 1551 908 1647 cupit.
954 1556 1114 1628 Similiter*

8 1673 10 1691 ²
111 1688 168 1731 nec
193 1687 308 1732 omnes
331 1662 409 1733 honi
432 1662 611 1758 aequaliter
632 1679 779 1758 prosunt,
800 1664 850 1733 vel
873 1666 1032 1759 prodesse
1051 1695 1108 1740 voa

110 1773 186 1848 lunt.
224 1774 274 1842 Ex
295 1799 361 1869 quo
384 1775 539 1868 liquidum
563 1791 621 1859 est,
643 1801 705 1844 nec
726 1775 834 1847 bonos
853 1802 948 1872 pares
968 1778 1108 1852 invicem

109 1913 168 1956 nec
192 1885 295 1956 malos
319 1885 465 1969 existere,
488 1911 549 1955 nec
568 1912 681 1955 eornm
699 1888 812 1956 merita
829 1888 962 1984 aequari
978 1889 1107 1977 debere,

108 2015 144 2068 nt
164 1997 381 2068 remuneratio
410 2024 539 2093 quoqne
567 2021 629 2092 par
657 2023 730 2068 esse
755 1997 961 2091 intelligatur.
1005 2001 1107 2072 Prae·

107 2128 195 2180 terea
225 2111 252 2180 si
281 2110 452 2180 stultorum
482 2110 635 2204 opinione
663 2109 862 2204 postposita,
894 2111 1123 2205 probatorum,

106 2223 374 2320 philosophorum
398 2220 583 2293 excellentia
607 2222 647 2291 de
669 2221 837 2319 virtutibus
856 2222 1010 2316 dogmata
1028 2251 1106 2296 con·

106 2337 230 2406 sideres
260 2352 292 2405 et
321 2335 522 2406 disertissimi
550 2333 609 2404 viri
631 2333 753 2403 Plotini
782 2333 951 2428 diligenter
978 2351 1106 2431 quator·

105 2449 232 2518 nariam
250 2450 402 2518 virtutum
420 2443 660 2515 distinctionem
678 2445 838 2530 attendas,
857 2444 937 2515 alias
958 2447 1108 2519 videlicet

103 2560 271 2655 politicas,
293 2560 372 2629 alias
395 2558 617 2653 purgatorias,
640 2557 719 2627 alias
742 2559 871 2652 purgati
893 2558 1002 2644 animi,
1025 2560 1105 2632 alias

104 2671 306 2766 exemplares
331 2671 477 2754 dicentis,
501 2698 540 2740 ex
561 2669 639 2764 ipsis
664 2670 772 2739 statim
794 2670 979 2741 nominibus
1002 2689 1034 2742 et
1052 2699 1106 2742 ea·

100 2811 176 2853 rurn
196 2783 469 2878 descriptionibus
487 2782 631 2851 confiteri
654 2783 790 2875 cogeris,
807 2781 979 2877 plurimum
996 2784 1029 2854 in
1044 2785 1106 2854 vir-

100 2896 226 2966 tutibus
255 2897 403 2965 homines
435 2892 573 2963 differre.
630 2891 741 2983 Quam
769 2893 866 2962 etiam
889 2893 1105 2965 differentiam

99 3009 191 3104 ipse,
213 3009 260 3078 'de
284 3034 351 3104 quo¹
373 3008 468 3076 nobis
492 3006 655 3098 objecisti,
681 3006 850 3100 apostolus
873 3031 940 3076 non
963 3023 1105 3101 praeter·

98 3122 247 3203 mittens,
269 3146 343 3188 curn
367 3119 407 3188 de
426 3118 626 3189 continentia
648 3133 680 3186 et
699 3117 898 3209 indulgentia
919 3119 1104 3213 nuptiarum
1184 3203 1186 3210 Α

7 3247 8 3252 ’
96 3232 305 3329 loqueretur,
332 3231 376 3300 ait
396 3239 445 3321 ¹);
485 3229 574 3300 Volo
605 3253 719 3300 omnes
750 3228 899 3300 homiues
928 3255 1000 3299 esse
1023 3231 1106 3300 sicut

7 3411 8 3420 ,
95 3372 153 3414 me
177 3345 298 3439 ipsum.
336 3340 403 3412 Sed
426 3344 649 3438 unnsquisque
670 3342 837 3436 proprium
860 3341 958 3411 habet
981 3342 1105 3416 donum

95 3484 139 3526 ex
165 3457 246 3533 deo,
277 3455 358 3524 alius
383 3455 517 3550 quidem·
536 3454 598 3538 sic,
627 3452 708 3522 alins
732 3455 778 3524 sic
809 3469 866 3527 cte
913 3451 983 3542 Qui
1006 3454 1103 3524 etiam

93 3568 286 3638 secundum
316 3568 501 3661 qualitatem
529 3565 682 3634 virtutum
709 3564 758 3634 vel
790 3551 976 3635 moritorum
1009 3592 1102 3660 prae·

91 3682 165 3750 mia
195 3680 323 3749 futurae
344 3679 428 3749 vitae
438 3678 670 3770 distinguens,
701 3677 823 3761 differt,
859 3676 978 3772 inquit,
1009 3677 1103 3746 stella

90 3817 114 3860 a
148 3791 248 3862 stella
276 3790 310 3860 in
331 3790 499 3880 claritate,
529 3788 576 3858 sic
600 3797 676 3878 (32.
691 3788 747 3880 V)
773 3790 833 3859 erit
855 3806 888 3860 et
908 3789 1102 3860 resurrectio

90 3957 304 3973 -ια

108 4042 150 4115 1)
169 4046 188 4100 l
209 4039 274 4100 Cor.
293 4039 351 4112 Vll,
369 4044 393 4100 7.
