2774 4486
577 155 875 226 ...q-

722 227 730 254 ‘l

183 330 309 410 effecit,
333 342 370 398 ut
392 354 429 398 es
449 331 484 398 in
507 329 648 398 indicem
665 329 828 398 librorum
843 321 1275 418 probibitorutn‘relerren·

177 423 237 501 tur
250 433 289 520 4).
335 434 454 520 Neque
470 436 543 522 plus
558 433 738 499 Abaelardi
753 433 988 500 existimationi
1010 425 1033 498 ii
1051 431 1152 496 libelli
1169 433 1275 519 prod·
1370 463 1372 465 ·

185 557 254 601 esse
276 547 471 624 potnerunt,
500 535 616 618 quibus
628 536 689 600 sub
705 535 804 602 linem
820 536 966 602 eiusdem
983 535 1105 599 saeculi
1122 535 1190 598 eius
1205 534 1275 600 vita

183 649 215 701 et
231 660 284 702 res
302 639 433 704 tractari
450 651 584 725 coeptae
596 648 689 714 sunt3
711 635 826 722 scripti
841 637 936 728 nenim
956 646 1032 699 sunt
1048 634 1275 701 delectationis

184 760 278 828 causa
304 751 336 804 et
359 739 537 806 maximam
571 751 698 825 partem
726 738 844 806 sabulis
865 739 1004 804 Milesiis
1029 737 1274 804 adnumerandi

183 839 338 906 videntur
353 840 395 926 5).
440 840 503 904 Sed
529 841 616 928 qnod
641 842 841 928 scriptorum
864 840 971 905 studia
995 862 1061 906 nott
1085 839 1274 918 valuerunt,

184 944 313 1006 occulto
339 964 420 1005 aevo
442 955 558 1029 sponte
583 941 703 1008 lactum
723 955 787 1014 est3
812 965 890 1009 uam
909 942 1018 1004 indea
1035 941 1157 1006 saeculi
1172 961 1278 1028 supe--

183 1043 283 1108 rioris
308 1042 403 1106 initio
428 1042 657 1129 theologorum
682 1045 722 1106 de
747 1044 843 1107 Petro
871 1043 992 1108 iudicia
1017 1043 1115 1128 longe
1138 1041 1274 1108 mitiora

184 1157 345 1233 apparent
358 1145 406 1223 6)=
436 1157 533 1230 atque
552 1145 596 1210 ita
623 1146 767 1212 fortassis
790 1169 841 1210 res
862 1143 1039 1229 composita
1057 1143 1185 1219 luisset,
1208 1145 1273 1210 nisi

183 1247 305 1312 ilerum
330 1246 525 1310 temerarius
539 1250 672 1330 quidam
691 1246 891 1314 Abaelardei
910 1244 1032 1329 ingenii
1055 1257 1152 1328 atque
1173 1267 1274 1332 prae-

182 1348 317 1414 stantiae
332 1338 521 1412 buccinator
535 1349 599 1412 ires
613 1352 735 1438 sopitas
748 1351 928 1416 excitasset.
972 1347 1173 1410 Gervasium
1196 1347 1272 1410 dico

182 1449 435 1516 celeberrimum
464 1450 643 1516 Abaelardi
673 1452 944 1542 biograpltuml).
996 1449 1086 1514 Hinc
1117 1447 1272 1533 inprimis

212 1721 216 1729 ,
251 1664 278 1733 4)
309 1671 445 1720 Roaittnrd
473 1668 631 1738 Antiquitas
666 1673 700 1724 de
750 1669 824 1723 traits
853 1685 967 1723 mesmes
998 1668 1033 1720 de
1061 1685 1103 1720 ses
1137 1667 1269 1722 ennends.

184 1735 289 1790 Metus.
307 1737 392 1789 Paris.
406 1739 481 1792 1628.
497 1742 567 1807 apud
582 1744 700 1807 Buytt'um
750 1742 854 1794 Ausum
878 1739 956 1792 liuius
979 1736 1071 1789 iudicii
1097 1737 1268 1789 hauddubie

181 1805 254 1858 niet.
279 1805 341 1857 hiat.
368 1813 395 1857 et
414 1809 473 1858 orit.
492 1819 541 1860 art.
561 1809 699 1863 Antboise.
752 1809 873 1876 praebuit
895 1807 1016 1876 inprimis
1035 1809 1181 1858 Alexander
1206 1808 1269 1858 dte-

181 1890 247 1929 rem.
270 1873 301 1928 C.
338 1875 395 1945 Ego
423 1875 531 1942 quidem
556 1877 583 1930 iu
610 1879 699 1932 iudice
750 1884 808 1928 totis
838 1877 908 1931 Hist.
937 1878 1033 1929 eccles.
1058 1876 1137 1926 Toni.
1163 1874 1211 1926 Vl.
1239 1893 1268 1944 p·

179 1943 309 1996 librorum
333 1941 528 2011 prohibitorum
550 1948 700 2000 Alexandri
749 1952 867 2014 7tltsqq.
892 1947 977 1998 Etiam
990 1949 1083 2009 Fteury
1095 1944 1206 1995 histoire
1220 1959 1269 1995 eo-

181 2010 249 2064 Vll.
274 2012 347 2063 iussu
372 2013 439 2064 1564
463 2015 549 2080 edito,
576 2018 621 2084 qui
645 2020 699 2068 de·
749 2013 813 2068 oleis.
840 2019 874 2067 Τ.
901 2017 979 2068 ΧΝ.
1003 2031 1030 2080 p.
1057 2017 1108 2066 292
1132 2029 1189 2080 sqq.
1215 2015 1267 2065 383

181 2089 255 2132 creta
275 2083 490 2151 congregationis
508 2085 603 2136 iudicis
619 2095 698 2153 atqtm
750 2102 807 2152 sqq·
824 2087 875 2138 512
893 2102 950 2152 sqq.
969 2081 1104 2134 historiam
1125 2082 1269 2133 dbaelsrdi

181 2151 266 2200 bullas
296 2167 420 2216 paparum
445 2151 508 2204 iude
531 2155 563 2204 ab
587 2173 610 2207 a.
632 2159 696 2208 ltiol
747 2154 904 2218 sltuplioiter
920 2153 1054 2206 narravit.
1081 2154 1156 2202 Etlies
1171 2153 1205 2200 du
1219 2154 1268 2204 Pin

180 2220 359 2287 promulgatas
386 2220 522 2286 eontinet,
555 2223 697 2275 Abaelardi
749 2238 817 2275 vero
830 2224 957 2275 notivelle
970 2219 1146 2272 bibliotlt.tles
1158 2228 1267 2271 auteurs
1376 2224 1378 2229 '

179 2301 261 2354 opera
271 2303 324 2338 uon
334 2287 426 2340 inveni
439 2291 536 2342 diserte
549 2308 607 2345 esse
622 2309 697 2346 com·
747 2288 843 2342 eccles.
867 2293 901 2342 Τ.
921 2293 969 2342 ΙΧ.
984 2308 1009 2358 p.
1029 2291 1078 2340 122
1093 2289 1200 2340 Petrum
1215 2303 1267 2341 ex-

180 2365 335 2410 ntemoratu.
377 2359 491 2412 Possunt
523 2369 610 2412 tumeo
645 2365 698 2414 ltuo
747 2359 863 2424 cusam,
887 2359 909 2411 si
936 2375 991 2410 unu
1009 2357 1136 2410 defendit.
1172 2360 1266 2424 tmpe-

180 2423 276 2475 relerri
308 2426 392 2477 verba
418 2426 518 2478 decreti
552 2431 578 2480 d.
608 2433 624 2482 3
649 2429 698 2482 lul.
748 2429 824 2480 diunt
840 2437 937 2492 tamen,
955 2441 1010 2496 quo
1027 2425 1113 2478 minus
1136 2425 1267 2478 Lobinsei

181 2493 248 2545 1623
266 2493 336 2544 dati:
361 2495 450 2559 open
469 2497 586 2548 omnium
604 2507 698 2549 aucto-
748 2497 832 2548 verba
858 2497 931 2548 omui
958 2514 994 2548 ex
1017 2503 1093 2564 parte
1115 2511 1181 2548 vera
1204 2511 1267 2547 esse

181 2575 239 2610 rum
267 2560 367 2626 primae
391 2563 482 2614 classis
506 2564 610 2629 (indicis
628 2569 697 2617 Tri·
747 2566 905 2631 videantur,
931 2569 1074 2616 stennius
1092 2564 1186 2631 (Thes.
1214 2579 1268 2616 tto-

180 2626 292 2708 deptiui)
306 2632 507 2696 quomodolibet
524 2643 584 2699 post
603 2651 695 2686 eorum
746 2649 797 2685 rus
808 2637 900 2685 anecd.
920 2635 953 2686 T.
965 2634 997 2685 V.
1015 2634 1100 2698 prael.
1126 2637 1183 2700 qna
1204 2650 1265 2701 sqq.

179 2711 290 2761 primurn
329 2699 536 2764 prohibitionem
568 2703 696 2768 impressa
747 2710 773 2752 et
792 2704 936 2756 observatt.
955 2719 1047 2770 praev.
1063 2703 1096 2752 ad
1114 2703 1166 2754 Ab.
1184 2703 1263 2753 theo-

179 2767 347 2817 deolaruntur
371 2767 447 2819 iuxta
471 2772 575 2840 regulus
600 2772 696 2824 indicis
745 2774 798 2840 lug.
812 2773 876 2823 ibid.
896 2790 920 2838 p.
936 2775 1003 2824 1139
1020 2788 1078 2838 sqq.
1098 2778 1124 2821 et
1138 2773 1266 2822 dlobitlon

179 2850 239 2886 esse
251 2834 393 2902 prohibita.
419 2836 508 2889 Prima
520 2840 589 2892 enim
603 2842 695 2897 classis
747 2842 829 2906 prael.
859 2845 892 2894 ud
919 2841 1018 2896 Bernh.
1046 2839 1170 2894 Claraett·
1191 2841 1261 2906 Opp-

179 2902 277 2954 lndicis
297 2903 373 2955 Trid.
401 2909 545 2972 scriptores
567 2911 695 2976 continet,
747 2911 781 2959 Τ.
805 2912 825 2960 l.
844 2909 865 2974 l.
884 2913 908 2964 5.
927 2919 954 2961 et
971 2917 1051 2960 notae
1070 2909 1121 2958 lus.
1141 2925 1165 2975 p.
1184 2907 1265 2962 ΗΝ

180 2971 226 3040 qni
235 2980 279 3023 attt
293 2973 422 3026 haeretiei
438 2985 483 3028 stit
499 2986 561 3028 nota
574 2979 695 3032 lraereais
746 2995 803 3046 sqq.

178 3041 438 3108 suspectissimum,
467 3061 580 3112 quornm
597 3049 695 3116 scripta
814 3046 843 3112 7)
868 3046 920 3100 Vie
938 3041 1081 3096 d'Abe'lard
1106 3054 1133 3110 et
1150 3043 1265 3096 d'Helo-

177 3123 234 3160 nou
252 3112 323 3162 editu
341 3115 445 3178 solum,
469 3116 515 3166 sed
535 3119 638 3169 edenda
656 3127 696 3170 et·
744 3121 787 3166 l‘se
811 3133 859 3183 par
877 3117 911 3168 D.
932 3119 1061 3168 Gernoise.
1081 3115 1154 3166 Paris
1185 3118 1264 3168 1720.

176 3178 228 3229 ient
243 3179 375 3246 prohibita
389 3183 691 3254 declarantur(praefat.
744 3185 854 3236 Librum
871 3184 928 3251 ipse
947 3199 1000 3234 non
1019 3181 1091 3234 vidi:
1115 3183 1201 3233 exiis
1220 3191 1263 3234 ta-

176 3246 231 3298 intl.
254 3246 352 3313 reiut.
376 3252 449 3301 luter
464 3253 515 3303 ltus
534 3271 598 3305 sene
615 3256 691 3308 l’etri
740 3270 820 3318 men,
846 3269 913 3320 quae
943 3254 975 3313 ab
998 3250 1057 3302 allis
1085 3251 1261 3316 sorll‘lOfll’us
1362 3282 1371 3296 ·

176 3315 319 3367 Abaelsrdi
334 3333 433 3370 numen
450 3321 557 3391 legitur.
741 3322 774 3372 de
794 3337 827 3372 eo
845 3323 985 3383 uinciatur,
1001 3319 1172 3392 intelligitur,
1193 3337 1261 3372 auc-

244 3386 274 3448 5)
295 3385 352 3436 Hus
368 3386 451 3440 libros
471 3390 600 3446 iudicavit
612 3392 690 3441 Nice·
740 3398 827 3440 torem
844 3390 870 3441 id
886 3391 990 3458 egisse,
1008 3398 1037 3440 ut
1054 3391 1161 3442 Petrum
1182 3405 1261 3441 sunm

174 3469 220 3502 ron
237 3453 381 3507 memoirea
396 3470 464 3522 pour
481 3457 568 3511 servir
581 3456 596 3510 t
607 3459 690 3512 l'ltist.
740 3458 865 3529 ingenio,
885 3460 954 3512 varii
972 3459 1078 3530 generis
1097 3457 1261 3524 eruditione,

175 3520 223 3574 des
240 3521 362 3574 hommes
387 3524 512 3584 illustres.
532 3527 613 3583 Tum.
639 3529 688 3581 tv.
741 3528 869 3578 librorum
889 3528 1047 3582 excellentia
1059 3536 1138 3596 etque
1158 3529 1263 3580 doctri-

173 3603 200 3655 p·
217 3587 254 3642 40
271 3603 283 3637 ⁸
303 3609 330 3658 q·
729 3612 792 3647 uae
816 3597 978 3663 praestantia
997 3611 1115 3648 summos
1137 3611 1261 3663 quosque

183 3677 184 3682 ¹
241 3657 272 3724 6)
286 3609 351 3712 tblr.
374 3663 502 3714 Lattaeau
520 3660 632 3716 histoire
656 3663 690 3714 de
740 3663 859 3716 cuiusvis
879 3667 971 3718 aetatis
989 3665 1111 3716 homines
1129 3681 1261 3732 aequasse

172 3725 316 3806 bretagne.
343 3729 427 3800 Paris.
453 3735 529 3785 1707.
558 3733 646 3784 Tonte
667 3733 688 3786 1.
740 3735 944 3786 demonstraret.
973 3735 1088 3786 Brevem
1106 3735 1261 3804 argumenti
1366 3721 1384 3746 '*

171 3793 440 3853 ltan.o.1-38:
463 3800 688 3872 lestheologiens
739 3804 945 3856 delineationem
990 3801 1118 3855 exhibent
1163 3804 1259 3867 (Heu-

171 3863 293 3936 d'snjonp
316 3865 389 3918 d'lnd
417 3883 451 3918 ue
477 3875 605 3924 trouvent
628 3869 688 3924 rien
737 3869 915 3936 monatltlcta
929 3871 1257 3940 philosophornmlesoio.

169 3947 224 4000 que
243 3935 278 3986 tle
301 3932 453 4004 eutholique
478 3937 544 3990 daus
570 3939 611 3992 les
637 3955 687 3992 ex·
736 3939 813 3995 XVI.
835 3957 862 4009 p.
883 3945 934 3995 uta
951 3958 1011 4010 sqq.
