2806 4492
1070 219 1120 296 91

10 398 14 437 ³
129 393 205 488 gula
234 384 316 464 sciat
341 393 420 478 iste,
446 408 547 488 qnam
574 386 644 476 ille,
672 383 714 481 'et'
732 413 806 460 eum
833 403 883 462 tot
908 411 962 462 res
984 389 1025 462 ab
1047 393 1123 478 isto,

131 529 228 602 qnam
250 505 291 575 ah
313 505 384 586 illo
392 505 550 596 sciantur,
572 527 640 573 uon
662 516 771 572 nmen
792 514 841 572 tot
863 501 904 574 de
927 503 1049 573 eisdem
1070 514 1122 574 ιε’-

65 645 68 656 ¹
130 618 190 686 bns
214 617 367 714 scientias
389 615 496 686 habet
514 639 618 700 unns,
646 629 725 712 quot
751 614 848 700 alter,
875 632 932 684 ant
958 641 1026 688 non
1054 632 1121 688 tam
1153 633 1159 640 '

129 727 212 797 hene
234 729 316 798 sciat
341 728 467 805 eadem
929 746 931 752 “

216 839 371 914 Philus.
395 837 562 936 Numquid
574 837 704 908 illam
674 864 833 910 ursionem
846 836 932 923 der,
922 865 955 908 ιιι
967 861 1032 934 qna
1044 837 1122 907 ltca-
1201 827 1204 832 ¹

22 989 24 997 ι
130 949 233 1020 titudo
243 966 317 1022 'vera
330 951 477 1022 consistit
488 949 605 1044 angeli,
617 975 699 1048 quos
711 951 822 1046 lapsos
833 947 1133 1046 ‹licitis,nuoqnam¹
1244 957 1246 964 '

131 1062 327 1148 habuerunt,
354 1063 405 1135 vel
427 1063 543 1133 saltem
567 1063 621 1133 ille
643 1063 727 1132 inter
748 1087 807 1132 eos
828 1062 1038 1157 praecipuus,
1066 1062 1122 1156 qui
1220 1144 1222 1149 .
1263 1083 1266 1090 '

131 1178 308 1252 ceterorum
328 1175 573 1270 comparatione
593 1172 728 1246 lucifero
750 1189 801 1244 est
821 1177 1046 1269 comparatos?
1136 1244 1141 1252 ,

205 1277 441 1368 ¹(u'hristi'au.
484 1282 700 1382 Nequaquam
734 1285 845 1382 utique
871 1284 1026 1356 babuisse
1054 1308 1122 1353 cre·

132 1397 276 1468 (lendum
299 1411 356 1480 est,
382 1421 444 1466 nee
467 1397 582 1493 aliquis
605 1424 736 1481 eornm,
758 1397 814 1492 qui
835 1396 972 1479 counit,
993 1394 1055 1464 nec
1078 1393 1123 1462 ssll
1231 1387 1233 1394 ’

131 1509 242 1592 etiarn,
272 1507 326 1604 qui
354 1507 422 1576 non
451 1525 655 1594 corruerunt,
684 1507 895 1604 donee'post
917 1507 1050 1576 aliorum
1076 1504 1153 1602 la-¹
1190 1575 1193 1590 ,

130 1635 226 1717 p'snm
248 1619 333 1688 hanc
354 1619 520 1704 visionem,
534 1647 602 1715 per
622 1645 720 1716 qnam
742 1619 836 1698 simpl
851 1635 891 1690 et
909 1619 994 1688 beati
1011 1611 1125 1686 fierent

6 1753 12 1762 ·
66 1809 71 1818 ,
133 1749 164 1804 et
187 1731 376 1816 confirmati,
398 1755 439 1800 ne
463 1731 600 1825 amplius
623 1733 739 1803 eadere
761 1735 903 1827 possent
919 1729 954 1798 in
975 1755 1125 1798 remune-

131 1847 288 1916 rationem
312 1867 389 1910 suae
412 1841 603 1919 humilitatis,
621 1845 812 1940 acceperint.
852 1841 981 1912 Omn'es
1004 1841 1124 1937 quippe

108 1951 239 2050 „angeli
271 1956 353 2024 sicot
386 1968 419 2022 et
453 1953 601 2024 homines
635 1953 715 2024 tales
745 1953 845 2024 creati
873 1967 948 2022 snat
967 1967 1012 2052 nt
1039 1951 1123 2026 bene
1173 2012 1177 2018 ,

131 2093 227 2160 agere
249 2078 386 2162 possent
408 2079 440 2134 et
461 2064 566 2135 mala·
600 2066 771 2160 Alioquin,
797 2061 851 2160 qni
877 2087 945 2132 non
967 2087 1125 2157 pectavo·

47 2245 53 2251 .
131 2174 221 2264 runt,
245 2179 285 2248 ele
308 2179 372 2249 hoc
394 2179 487 2273 ipso,
515 2177 604 2270 quod
626 2174 931 2271 ceteris-peccando
953 2201 1021 2244 non
1044 2198 1150 2244 cons
1195 2175 1197 2186 '

134 2305 313 2374 senserunt,
332 2291 481 2360 meritum
498 2315 566 2358 ιιοιι
581 2287 749 2358 baberent.
785 2285 888 2376 Quod
905 2303 1011 2355 autern
1026 2284 1125 2358 Luci-¹

133 2401 236 2492 ler[o]
257 2403 428 2495 ,cujusdam
445 2399 652 2470 excellentiae
674 2399 898 2496 praerogativa
912 2406 1125 2498 *comparatus*
1206 2431 1223 2504 q

134 2530 183 2582 est
204 2513 351 2606 (tal),
374 2529 449 2582 ιιοιι·
464 2527 529 2604 tam
553 2537 591 2580 ex
614 2511 821 2598 beatitudine,
844 2517 940 2604 qnam
964 2537 1001 2578 cx
1022 2509 1126 2612 aeica*

97 2641 102 2658 ·
133 2626 197 2694 tiae
213 2625 457 2720 perspicacitate
472 2623 591 2691 lactum
606 2629 664 2707 est,
685 2649 724 2692 eo
740 2604 900 2704 videlicet'
916 2621 1004 2716 quod
1020 2620 1126 2704 sciens
1182 2650 1183 2655 ¹

132 2737 197 2806 tiae
226 2735 297 2804 luce
314 2720 536 2832 praestantior
558 2736 671 2804 ceteris
687 2735 737 2832 'ad
760 2733 1048 2830 quaslibetrerunq
1067 2755 1125 2799 na·
1177 2731 1185 2759 ⁸
1213 2750 1216 2757 ‘

1 2921 2 2926 ,
101 2873 105 2882 ²
133 2864 221 2917 turas
237 2847 475 2941 intelligendas
503 2845 659 2915 subtilior·
679 2844 829 2916 conditus
859 2860 962 2918 esset.
1022 2841 1125 2932 Quod

0 2969 1 2972 ’
44 2985 46 2989 ”
134 2959 264 3054 quidem
287 2959 321 3028 in
343 2985 379 3028 se
402 2957 624 3042 considerans
647 2983 684 3026 ex
706 2959 777 3052 ipsa
794 2957 946 3029 scientiae
964 2979 1042 3031 suae
1058 2978 1125 3023 toa·

67 3158 69 3163 Ι
135 3071 332 3163 gnitndine,
339 3094 409 3167 qna
430 3096 465 3142 se
487 3065 603 3140 ceteris
626 3067 805 3164 praelatum
826 3067 905 3137 vidit
925 3065 1086 3135 iollatns
1073 3091 1125 3132 ιιι-

133 3183 250 3251 tumuit
279 3199 311 3252 et
338 3185 482 3277 majora,
509 3204 608 3276 qnam
634 3177 739 3274 possit
766 3202 897 3272 sperare
922 3175 1126 3271 praesumsit,

133 3310 171 3362 ut
191 3293 357 3380 videlicet,
383 3293 458 3390 quia
478 3313 517 3363 'se
540 3290 654 3363 ceteris
676 3290 855 3406 praelatum
877 3288 975 3371 novit,
1000 3313 1035 3356 se
1057 3284 1127 3356 fieri

37 3397 41 3406 ¹
134 3405 304 3503 aequalem
331 3405 404 3476 deo
425 3403 601 3474 aestimarit
628 3418 672 3474 ct
687 3411 731 3474 ut
751 3403 822 3500 ipse
848 3399 1013 3483 videlicet,
1045 3397 1128 3468 sient
1167 3386 1172 3397 ’

103 3513 122 3613 ι’
134 3518 232 3662 deus,
253 3543 391 3610 regnum
412 3517 583 3590 obtineret.
1070 3524 1075 3532 “

161 3617 377 3705 Pltilos.
419 3629 502 3700 lllud
526 3630 657 3724 qnoque
680 3627 817 3697 obsecro
840 3589 993 3705 delinias,
1018 3634 1128 3688 utrum

133 3739 199 3809 hoc
232 3739 372 3810 bominis
405 3767 567 3810 summum
600 3741 724 3810 bonum
757 3737 845 3806 illam
880 3735 954 3803 dico
981 3731 1129 3802 videlicet
1157 3722 1163 3733 ’

101 3847 102 3850 '
134 3875 296 3920 summam
319 3850 374 3924 dei
395 3851 597 3922 dilectionem
619 3873 717 3948 qnam
739 3875 777 3924 ex
799 3847 923 3920 visione
944 3843 998 3914 dei
1026 3843 1126 3912 homo
