2774 4486
955 323 957 331 ·
1039 288 1166 374 111Ι

121 479 312 545 imminente
334 496 400 541 non
416 472 624 556 confiteatur,
646 494 712 539 non
733 483 867 556 propter
888 470 951 537 hoc
969 481 1120 538 aeterna·

21 574 23 585 ¹
121 592 196 657 liter
217 592 378 673 punietur.
404 587 462 667 „st
487 599 596 651 autem
619 609 662 652 cx
684 599 850 651 contemtu
872 587 924 651 vel
947 609 990 651 err
1012 586 1119 673 negli-

35 793 36 797 ,
118 710 233 794 'gentio
266 704 479 780 remanserit,
520 702 561 765 de
591 697 654 765 hae
682 700 894 766 aeternaliter
922 699 1121 784 puniendum

120 822 308 884 asserimus.
351 814 468 899 Neque
498 815 585 878 enim
613 835 724 878 veram
757 815 863 876 cordis
887 816 1119 880 contritionem

120 931 274 996 habuisse
296 930 425 993 videtur
447 940 480 992 et
502 930 531 992 si
552 925 705 992 habuerit
737 948 780 990 ex
811 925 874 991 hoc
902 938 1010 991 tamen
1033 929 1119 1013 quod

119 1048 268 1109 instituta
290 1041 462 1106 Ecclesiae
477 1026 675 1118 contemnit,
700 1038 914 1103 aeternaliter
934 1040 1118 1120 puniendae

21 1175 24 1188 ’
121 1181 195 1223 erse
216 1137 430 1221 concinnitur.
474 1151 510 1217 Si
533 1174 613 1217 vero
642 1166 678 1216 ot
706 1153 847 1217 diximus
881 1151 992 1236 aliqua
1015 1159 1116 1217 cansa

118 1272 350 1357 praepediente
377 1269 421 1332 ad
447 1271 608 1333 minorem
636 1269 749 1351 nequit
773 1267 931 1331 accedere
960 1269 1117 1341 sacerdo·

120 1399 199 1464 tem,
223 1381 357 1448 accedet
379 1379 420 1443 ad
441 1382 623 1468 majorem,
653 1379 694 1443 de
718 1400 781 1463 quo
803 1381 838 1442 in
861 1377 1117 1448 Ecclesiastico:

120 1518 198 1564 ecce
229 1495 384 1560 sacerdos
417 1512 555 1578 magnus
585 1504 648 1556 etc.
698 1491 744 1556 Et
770 1491 966 1584 Apostolus:
1006 1494 1119 1577 plures

119 1611 200 1678 iacti
221 1622 297 1675 sunt
315 1607 506 1673 sacerdotes
529 1617 592 1670 etc.
637 1603 699 1670 Cui
726 1607 812 1669 enim
835 1604 977 1672 visibilis
1007 1631 1119 1673 secer·

116 1727 178 1790 dos
202 1724 307 1801 deest,
330 1719 371 1784 ab
395 1742 435 1784 eo
456 1719 632 1784 inuisibilis
656 1722 787 1783 minime
810 1717 916 1798 abest,
939 1723 1039 1786 immo
1062 1729 1119 1807 qui

116 1837 189 1903 vult
210 1834 360 1900 confiteri
388 1844 422 1896 et
453 1852 519 1896 non
548 1843 657 1914 potest
691 1833 777 1916 qnod
799 1829 939 1897 visibilis
963 1837 1121 1902 sacerdos

114 1949 336 2026 ministraret,
362 1945 433 2009 hoe'
449 1947 482 2009 ei
502 1944 679 2009 invisibilis
702 1943 853 2026 supplere
876 1955 1039 2028 nunquam
1062 1951 1120 2013 de·

115 2063 283 2147 dignatur.
327 2056 516 2126 Notandum
543 2077 624 2121 sane
658 2067 727 2134 est,
762 2056 849 2138 qnod
878 2077 920 2121 ex
948 2059 1119 2141 dispensa.

114 2177 207 2238 tione
236 2193 365 2256 quoque
393 2180 504 2252 potest
534 2169 653 2252 aliquis
680 2191 700 2232 a
729 2168 938 2233 consessione
972 2193 1117 2256 cessare,

21 2365 31 2378 ⁸
113 2288 171 2370 qui
193 2281 410 2368 propterhoo
433 2271 498 2346 non
521 2283 626 2368 magis
648 2282 829 2364 puniendus
853 2283 975 2348 extitit.
1020 2284 1117 2361 Quod

112 2407 148 2466 in
163 2401 261 2464 Petro
284 2400 442 2484 perpendi
456 2398 556 2463 facile
579 2397 694 2483 liquet.
739 2397 821 2463 Cum
844 2401 929 2462 enim
944 2398 1061 2464 Petrus
1080 2403 1117 2466 in

111 2513 280 2596 primitiva
309 2513 459 2586 Ecclesia
490 2524 599 2594 essct,
633 2513 687 2577 obi
719 2533 834 2576 omnes
863 2509 968 2576 adhuc
997 2511 1118 2579 infirmi

90 2605 228 2698 ¹crant,
262 2647 304 2690 ex
332 2625 580 2708 dispensatione
609 2627 852 2691 confessionem
876 2625 1118 2712 denegatione

17 2745 19 2820 ξ
112 2738 269 2815 reticuit,
303 2739 379 2820 quia
402 2740 432 2801 si
454 2737 539 2804 hunc
563 2752 687 2804 tantum
711 2739 881 2804 Ecclesiae
904 2737 1117 2804 architectura

18 2891 20 2940 i
113 2864 184 2914 tam
206 2851 351 2936 graviter
371 2848 429 2912 alii
452 2854 614 2916 corruisse
636 2855 831 2929 novissent,
862 2849 997 2916 multum
1018 2851 1053 2914 in
1076 2871 1116 2914 eo

18 2941 20 3020 f
110 2961 333 3030 scandalizati
355 2961 507 3026 fuissent.
553 2963 650 3038 Quod
673 2978 781 3029 autem
803 2965 924 3029 infirmi
945 2979 1060 3029 ,essent
1075 2951 1139 3027 ad'

19 3083 20 3090 ’
110 3071 308 3140 scandalum
337 3074 452 3156 proni,
484 3073 556 3155 ipse
578 3074 740 3140 Dominus
776 3077 939 3158 ostendit,
974 3075 1030 3141 ubi
1053 3078 1116 3140 ait:

19 3199 20 3202 ’
110 3189 223 3252 Sinite
246 3207 304 3250 eos
319 3183 424 3265 abire,
447 3196 481 3250 ut
495 3186 670 3267 impleatur
685 3189 864 3270 scriptura:
888 3209 931 3252 ex
947 3188 1010 3268 his,
1034 3207 1117 3273 quos

107 3299 248 3365 tradidit
269 3297 350 3362 mihi
371 3309 482 3381 pater,
512 3318 578 3361 non
608 3299 735 3380 perdidi
755 3317 969 3384 quemquem·
1011 3299 1119 3381 Super

106 3414 201 3478 hunc
236 3413 358 3476 etenim
394 3409 502 3475 locum
537 3411 617 3476 dicit
648 3411 871 3498 Augustinust
915 3435 982 3479 non
1022 3423 1119 3478 erant

107 3538 227 3592 tantae
250 3524 342 3604 fidei,
364 3525 487 3609 inqua
509 3524 631 3589 salvari
661 3540 808 3608 possent,
832 3537 866 3590 et
887 3528 962 3590 ideo
986 3529 1016 3592 si
1039 3539 1117 3590 tunc

105 3639 234 3706 mortui
267 3651 380 3703 essent
415 3639 629 3704 aeternaliter
658 3641 804 3706 damnati
839 3653 962 3705 essent.
1018 3639 1117 3717 Quot
1152 3719 1154 3724 ι

102 3773 194 3816 vero
216 3751 332 3815 Petrus
355 3771 421 3814 non
445 3752 617 3819 confessus
640 3734 750 3832 luerit,
774 3775 816 3840 ex
839 3755 1033 3818 auctoritate
1056 3752 1138 3816 ha··

104 3864 247 3938 bernus3
282 3866 444 3929 eit'enim
474 3865 547 3930 Leo
583 3887 685 3952 papa:
713 3861 879 3951 lacrymas
914 3867 1005 3932 Petri
1035 3863 1116 3952 legi,

106 3975 359 4074 confessionem
393 3975 459 4044 'non
490 3981 635 4045 invenio.
686 3977 812 4052 Delent
832 4000 921 4068 ,ergo
952 3978 1119 4065 lacrymae
