2806 4492
281 239 406 317 st<

181 487 186 515 ‚
283 407 442 512 Salomon
460 409 507 502 ¹)
529 420 663 504 propter
681 403 893 512 semetipsum
915 407 1030 489 omnia
1048 405 1166 478 crearit
1182 405 1274 497 deus,

282 521 415 616 impium
438 543 566 614 qnoque
589 517 632 594 ad
654 517 739 587 diem
760 517 891 589 malum.
926 519 1002 613 lpsa
1024 543 1155 614 quoque
1177 519 1297 626 etiam·
1367 597 1383 623 ,Ι

282 655 400 726 poena,
423 655 485 726 qua
508 633 577 722 ejus
597 627 796 755 iniquitatem
820 629 900 700 dens
922 629 1025 724 punit,
1044 631 1200 722 justitiam
1221 629 1274 701 dei

283 742 504 825 commendat,
530 755 564 810 et
589 739 637 809 sic
663 741 737 809 euni
759 741 965 834 glorificat.
960 739 1173 830 Quamvis
1163 758 1271 838 itaqua

281 878 475 952 poneremus
493 877 665 946 corporum
685 852 773 922 illam
795 851 1026 924 resumtionem
1048 853 1129 925 nihil
1150 855 1271 926 sanctia
1324 889 1328 895 ·
1352 895 1362 946 j

228 1015 231 1024 ·
270 966 450 1037 ‚animabus
469 963 676 1036 beatitudiuis
699 964 856 1049 conferre,
877 981 1077 1037 nontamen
1099 991 1171 1036 eam
1194 993 1270 1036 cen·
1336 1048 1340 1054 ἱ

148 1147 151 1168 ὶ
186 1143 190 1149 ,
281 1101 411 1148 seamus
438 1075 653 1172 superfluam,
681 1099 764 1171 qaae
791 1076 835 1146 ad
863 1075 992 1146 divinae
1017 1078 1181 1172 potentiae
1203 1077 1273 1146 lau·

187 1205 189 1210 ’
279 1190 354 1258 dem
376 1187 548 1283 plurimum
569 1187 664 1256 valet.
701 1186 780 1276 Quo
803 1187 890 1258 euim
911 1187 965 1258 illa
987 1190 1075 1284 prius
1096 1189 1271 1260 infirmiora

278 1318 312 1371 et
340 1300 484 1394 passioni
513 1298 724 1390 cognorimus
756 1299 1032 1383 obnoxia,‚tauto
1060 1302 1270 1396 postmodum
1364 1346 1366 1350 -

278 1413 382 1503 magis
412 1409 508 1480 deum
534 1409 776 1504 glorificandum
805 1413 961 1496 ostendit3
992 1430 1025 1483 et
1053 1438 1126 1483 cum
1154 1413 1201 1483 sic
1230 1437 1269 1482 ea
1337 1471 1344 1476 ,

97 1514 101 1520 ’
154 1499 157 1508 ¹
185 1567 194 1624 g
218 1589 219 1592 ,
279 1522 428 1594 videlicet
442 1512 579 1591 solidata
594 1528 643 1590 et
656 1520 892 1592 indissolubilia
914 1525 1100 1594 videbimus
1116 1524 1211 1608 lacta,
1233 1540 1269 1594 ut

54 3937 92 4020 'i

260 1633 368 1712 ¹nulla
390 1661 427 1703 ex
449 1633 495 1702 eis
517 1633 627 1729 passio
650 1633 745 1702 uobis
767 1634 946 1727 provenire,
967 1635 1057 1704 nulla
1078 1637 1112 1706 in
1135 1637 1180 1706 eis
1203 1636 1268 1706 dis·

279 1736 397 1852 solutio
427 1745 531 1840 possit
559 1744 762 1836 contingere,
789 1744 865 1814 hinc
882 1745 978 1816 etiam
1000 1747 1146 1818 nonnihil
1169 1746 1268 1816 beati·
1294 1748 1318 1774 ⁸
1397 1779 1402 1793 ¹

277 1856 397 1926 tudinis
421 1856 547 1926 animae
574 1856 723 1926 videntur
750 1857 959 1942 contrahere,
981 1857 1077 1954 ¹quia,
1106 1884 1172 1955 quo
1200 1885 1267 1942 am·

276 1967 361 2060 plius
378 1967 504 2038 divinae
519 1968 683 2061 potentiae
697 1969 951 2062 magnitudinem
967 1971 1177 2066 experientur,
1200 1994 1267 2037 am·
1296 1971 1298 1975 ’

193 2141 198 2147 .
275 2079 360 2174 plius
388 2090 473 2153 eum'
491 2077 623 2174 diligere
648 2095 680 2150 et
700 2080 862 2153 beatiores
884 2107 958 2152 esse
980 2108 1048 2152 non
1071 2098 1147 2152 sunt
1168 2081 1266 2150 dene·

211 2217 217 2226 ’
276 2191 412 2285 gandae.
689 2205 694 2210 ’

354 2300 523 2380 ..Philas
558 2299 643 2369 lllud
659 2327 790 2397 quoque
809 2300 1142 2385 obsecro-dillucides,
1159 2317 1265 2370 utrum

275 2412 329 2482 illa
351 2413 404 2482 dei
425 2411 524 2495 visio,
551 2410 673 2507 inqua
695 2411 867 2493 beatitudo
883 2410 1047 2496 consistit,
1072 2413 1179 2508 aliqua
1200 2413 1265 2484 loci

276 2523 457 2601 differentia
478 2521 529 2592 vel
551 2522 663 2614 augeri
683 2521 736 2590 vel
757 2521 875 2606 minui,
901 2547 945 2592 an
966 2523 1038 2618 ipsa
1059 2524 1093 2595 in
1116 2526 1265 2612 omnibns

274 2635 370 2728 locis
385 2632 526 2704 exhiberi
555 2633 705 2703 omnibus
734 2646 848 2727 queat,
876 2633 927 2704 vel
956 2640 1061 2706 certds
1092 2637 1122 2706 ei
1150 2638 1264 2732 aliquis

275 2748 446 2875 deputatus
476 2743 516 2814 sit
544 2744 651 2826 locus,
680 2770 745 2838 quo
774 2743 897 2815 scilicet
921 2761 1058 2818 necesse
1086 2747 1128 2818 sit
1152 2761 1263 2881 parve·
1320 2819 1321 2822 ,

274 2860 353 2941 nire,
376 2883 431 2950 qur
421 2854 508 2924 illa
527 2850 651 2922 fruituri
673 2871 749 2926 sunt
769 2856 933 2928 visione?

363 2964 587 3039 Christian.
631 2963 700 3054 Qui
730 2968 826 3038 deum
857 2949 976 3062 ubique
1008 2995 1068 3064 per
1100 2974 1288 3066 potentiae,

222 3093 225 3102 '
273 3105 353 3152 suae
376 3077 631 3174 magnitudinem
652 3105 721 3147 non
742 3079 890 3149 dubitant
913 3106 1001 3164 esse,
1028 3082 1073 3151 ita
1103 3083 1141 3151 ei
1155 3085 1264 3154 omnia

273 3192 348 3262 loca
368 3187 552 3285 praeseutia
574 3189 673 3274 eredit
691 3197 741 3279 ²),
759 3205 805 3260 nt
819 3191 858 3260 ,in
881 3192 1030 3262 omnibus
1054 3215 1264 3292 quaecunque

272 3303 353 3374 velit
370 3326 467 3393 agere
481 3295 637 3393 possit³et
659 3317 725 3371 tam
742 3303 813 3394 ipsa
827 3294 911 3386 loca,
935 3327 1031 3396 qnam
1048 3305 1157 3376 omnia
1177 3307 1212 3376 in
1227 3307 1263 3375 ils·
1329 3351 1333 3362 «

272 3414 311 3484 lis
335 3417 404 3505 ejus
427 3411 615 3506 operatione
637 3411 687 3510 vel
711 3405 862 3506 gerantur
883 3413 934 3484 vel
957 3414 1181 3510 disponantur,
1206 3446 1262 3489 ne·

5 3597 12 3607 s
47 3509 73 3522 '¹
184 3621 188 3625 ‚
229 3516 232 3524 ¹
272 3550 435 3621 quaquam
456 3522 519 3590 ista
539 3522 730 3616 quaestione
752 3524 905 3594 movendi
927 3541 1013 3596 suut.
1051 3529 1125 3621 lpse
1143 3532 1263 3625 quippe

272 3648 337 3721 est,
361 3635 431 3730 qui,
454 3631 507 3728 sic¹
522 3655 613 3718 ,nunc
636 3657 766 3730 quoqne
786 3634 858 3707 eine
879 3635 1042 3734 positione
1063 3639 1158 3710 locali
1179 3640 1264 3716 sicut
1340 3702 1344 3707 .

247 3823 263 3907 i
288 3862 323 3935 1)
339 3861 416 3922 Prot.
432 3859 547 3932 XVLd»
597 3877 602 3891 ⁸

286 3957 321 4030 2)
338 3954 400 4034 lega
418 3955 534 4040 credunt.
573 3999 577 4003 -
602 4034 607 4040 ἢ
