2806 4492
135 385 139 400 ¹
251 399 395 472 trucidat
412 397 548 494 ,gladius
572 380 752 470 antichristi
779 421 840 493 pro
865 421 932 481 eo,
948 397 1041 493 quod
1064 413 1140 470 suut
1165 397 1293 476 iustae

100 509 103 519 '
250 515 423 598 bimatum,
452 534 520 580 non
547 501 744 604 attingentes
773 510 816 580 ad
840 507 988 602 geminae
1017 509 1266 605 intelligentiae,
1375 533 1377 541 ’

218 657 223 662 ·
253 643 286 696 et
309 623 505 720 operationis
527 624 674 696 fructum.
718 621 787 696 Me'
800 622 971 716 miserum,
993 647 1053 718 pro
1077 640 1157 719 quot
1178 649 1252 720 per·

224 736 331 806 ‘vulis
358 737 403 805 ita
429 733 508 803 mihi
537 734 678 828 abreptis
703 759 764 826 ego
787 733 915 828 plorare
938 733 1063 819 haheo,
1090 736 1167 830 quia
1190 759 1249 806 eos
1325 742 1328 748 “

249 863 328 943 post
350 846 501 918 exercitia
520 843 683 916 scholaria
704 845 800 916 video
822 844 873 916 vel
895 843 1038 941 tepuisse
1060 845 1094 915 iu
1115 871 1250 916 sensum

249 958 408 1056 puerilem
435 972 467 1028 et
489 957 678 1042 animalem,
708 957 764 1052 qui
792 983 861 1027 uon
883 957 1035 1053 percipit,
1066 983 1149 1054 quae
1172 975 1258 1054 sunt¹
1313 995 1319 1010 ¹

93 1158 98 1166 ι
250 1071 380 1167 spiritus
404 1069 483 1155 dei„
502 1068 553 1140 rel
583 1069 716 1138 omnino
739 1067 890 1162 friguisse
918 1070 953 1139 iu
976 1071 1152 1165 reprobum
1169 1097 1248 1142 sen·

48 1206 57 1250 ,¹
140 1171 141 1174 ¹
249 1209 332 1267 sum,
355 1198 477 1251 utnon
497 1179 603 1249 solum
627 1179 757 1264 faciant,
780 1183 864 1278 quae
885 1207 954 1254 nou
975 1181 1172 1253 conveniunt
1193 1205 1249 1276 eo·¹
1287 1183 1333 1278 ‚¹

248 1288 321 1367 ruin
349 1292 564 1390 professioni,
599 1291 659 1362 sed
688 1291 785 1362 etiam
814 1283 1135 1390 persequantur'ea,
1163 1316 1248 1391 quae
1301 1323 1306 1332 ·

248 1423 325 1478 sunt
360 1405 490 1500 spiritus
527 1403 589 1473 dei.
634 1403 691 1472 Tu
725 1421 848 1492 autem,
881 1407 926 1476 lili
956 1405 1178 1490 dilectissime,
1213 1421 1249 1475 ut

249 1545 346 1614 spero
376 1517 411 1587 iu
440 1515 495 1612 dei
522 1515 759 1600 misericordia,
787 1517 935 1612 proficies
964 1517 1065 1606 etiam¹
1089 1518 1172 1588 ultra
1201 1516 1248 1586 h'i-

168 1644 171 1648 ’
248 1647 372 1700 matum
406 1651 509 1724 usque
540 1626 625 1700 adeo
658 1643 694 1696 ut
719 1626 894 1706 formidare
928 1656 1006 1710 nou
1023 1629 1146 1700 habeas
1178 1628 1248 1724 gle-

249 1743 339 1811 dium
362 1739 571 1823 antichristi,
586 1739 641 1834 qui
668 1755 719 1809 est
746 1738 981 1812 haereticomm
1008 1769 1066 1812 seu
1089 1741 1248 1812 salsorum

135 1926 154 1949 s
247 1852 382 1924 fratrum
418 1875 537 1920 sermo·
557 1850 701 1926 dolosus.
761 1849 837 1922 Nisi
866 1855 952 1924 enim
987 1854 1034 1925 sic
1062 1853 1249 1950 proficeres,

247 1963 513 2062 nisiahleclatns
542 1965 608 2056 jam
636 1962 777 2048 solidum
799 1963 906 2034 cibum
935 1966 1145 2039 vehementer
1173 1991 1247 2036 esu·
1359 2049 1379 2066 Η

146 2171 148 2178 ⁴
246 2076 327 2146 rires
352 2075 394 2145 de
417 2099 546 2144 summo
569 2074 669 2160 hono,
693 2076 776 2146 sicut
797 2076 941 2174 inquiris,
967 2102 1036 2146 uon
1058 2078 1247 2176 inquireres.
1337 2075 1342 2080 ’

248 2177 398 2258 Occ‘esio
425 2209 502 2257 vero
533 2186 668 2280 hujusce
697 2187 913 2283 inquisitionis
936 2189 1068 2275 exinde,
1097 2208 1133 2259 ut
1155 2189 1246 2275 dicis,

169 2377 171 2384 s
248 2301 364 2370 oborta
388 2297 532 2380 esttibi,
562 2298 650 2393 quod
674 2297 786 2390 legens
811 2299 976 2394 dialogum
1002 2303 1062 2372 sub
1085 2301 1246 2397 discepta-

247 2411 336 2480 tione
366 2408 531 2478 christiani
561 2425 593 2479 et
609 2409 728 2502 ‘judaei
755 2426 853 2506 atque
882 2410 1071 2508 philosophi
1099 2412 1246 2506 almagi·

247 2539 316 2596 stro
345 2519 446 2589 Petro
480 2519 640 2612 digestum
669 2519 716 2598 ,de
746 2545 873 2592 summo
903 2526 993 2596 bono
1027 2524 1092 2594 illic
1120 2524 1263 2612 iuvenis,

65 2729 69 2736 ι
246 2633 371 2729 aliquid
393 2631 643 2724 investigatum,
661 2633 720 2702 sed
743 2660 811 2704 non
832 2636 919 2704 satis.
935 2635 1145 2722 elucidatum,
1168 2635 1245 2733 quid

157 2733 165 2750 .
247 2737 368 2818 sit'vel
393 2743 447 2812 uhi
470 2742 512 2812 sit
533 2743 640 2837 ipsum
663 2767 824 2814 summum
847 2746 987 2829 honum,
1018 2749 1187 2846 quavepd
1208 2747 1271 2817 il··

38 2946 47 2958 ι
132 2843 173 2866 ²
245 2856 304 2925 lud
334 2855 386 2924 vie
409 2855 450 2946 sit
476 2853 655 2924 rectissime
681 2857 902 2949 gradiendum.
947 2859 1093 2932 Proinde
1115 2863 1169 2930 ‘sic
1192 2879 1245 2930 acss

247 2970 321 3063 cipe
343 2966 431 3037 istud
452 2965 644 3060 opusculum
668 2969 710 3056 de
728 2969 935 3064 inquisitione
960 2976 1076 3053 summi
1097 2973 1245 3044 boni‘in-

245 3080 425 3161 titulatum,
456 3077 541 3152 utsi
564 3079 642 3174 quid
667 3063 743 3149 honi
768 3081 895 3152 dehoc
924 3077 1167 3175 h0(60.'V.)no
1196 3084 1246 3152 in·

195 3216 199 3220 ·
249 3191 376 3262 ¹ueneris
400 3189 530 3274 dictum,
559 3190 600 3260 dc
625 3192 687 3264 hoc
708 3193 782 3287 ipso
805 3194 894 3265 hono
917 3198 1005 3270 unde
1028 3201 1154 3290 agimus
1177 3219 1247 3266 non

248 3329 316 3374 non
341 3301 467 3372 dubites
491 3319 546 3386 aut
569 3303 706 3375 stillasse
730 3306 758 3400 si
777 3329 892 3400 parurn
909 3326 967 3394 est,
990 3327 1046 3402 ant
1064 3313 1244 3392 emanasse,

99 3503 103 3510 ⁸
248 3415 276 3485 si
300 3414 379 3483 satis
404 3429 463 3486 est.
508 3413 594 3484 Satis
619 3415 707 3502 dico,
731 3437 978 3514 uon-quantum
1002 3422 1044 3490 ed
1066 3421 1129 3504 rei,
1158 3443 1245 3516 quae

139 3607 142 3614 Ι
192 3545 220 3559 ··
248 3533 409 3602 uersatur,
441 3525 693 3612 estimationem,
723 3529 780 3598 scd
804 3547 963 3624 quantum
987 3533 1029 3602 ad
1052 3531 1188 3626 legentis
1213 3547 1246 3601 et

85 3641 94 3652 '
142 3683 146 3690 ·
248 3635 438 3733 inquirentis
470 3638 592 3710 esuriri.-
635 3637 724 3708 Nam
747 3666 800 3713 res
830 3642 902 3736 ipsa
926 3661 975 3713 est
1001 3634 1244 3720 iuellahilisde
1362 3683 1368 3693 ·

248 3768 312 3836 qua
342 3744 401 3814 lari
432 3762 593 3844 utcunque
605 3752 773 3844 -gestimus
803 3771 901 3848 prout
928 3757 1003 3850 ipsa
1022 3759 1159 3849 juvente·
1182 3781 1242 3850 po·

250 3871 391 3930 tenmus.
413 3872 457 3928 22-

647 4030 846 4048 m—
902 4047 907 4056 Ι
