2798 4486
1095 227 1185 316 7³.

147 401 290 499 optimus
314 399 413 472 animi
434 399 561 470 habitus
584 413 671 470 recte
697 398 821 470 dicitur.
867 398 963 471 Unde
986 399 1144 472 Aristote-

146 516 194 586 les
225 541 245 584 a
274 515 443 584 virtutibus
467 509 616 581 scientias
640 511 843 605 distinguens
868 539 941 582 cum
962 513 995 582 in
1018 513 1145 609 praedi·

120 626 123 637 ⁴
148 645 200 698 cto
233 627 393 723 qualitatis
423 621 560 694 tractatu
590 623 629 692 de
659 623 771 693 babitu
794 624 940 720 exempla
963 625 1145 720 subjiceret,

148 740 262 822 Tales,
284 739 396 835 inquit,
420 754 495 806 sunt
517 735 671 806 scientiae
695 735 744 804 vel
763 736 905 811 virtutes.
943 735 1054 827 Quem
1075 737 1145 833 qui·

149 853 223 922 dem
244 851 351 920 locum
375 849 534 919 Boethius
558 872 735 943 exponens,
758 848 816 916 ait:
843 849 1034 920 Aristoteles
1058 849 1145 920 enim

146 964 279 1033 virtutes
306 989 374 1032 non
397 977 490 1056 putat
512 960 681 1046 scientias,
708 975 744 1028 ut
765 959 936 1044 Socratem
964 961 1011 1030 sic
1037 977 1069 1030 et
1090 960 1145 1040 ille

147 1091 182 1144 nt
203 1078 269 1168 jam
293 1098 390 1168 supra
413 1073 543 1142 memini
565 1072 654 1167 prins
678 1087 790 1140 noster
812 1089 844 1140 et
865 1073 1076 1166 postmodum
1090 1097 1145 1142 ve·

147 1203 214 1268 ster
235 1185 447 1277 Augustinus,
472 1185 667 1280 quandoque
686 1182 808 1251 virtutis
831 1211 952 1254 nomen
974 1209 1078 1280 usque
1102 1184 1166 1270 ad¹

144 1299 243 1382 ,fidem
267 1285 363 1366 etiam
387 1312 417 1365 et
441 1321 533 1390 spem
557 1297 712 1378 extendit,
741 1296 937 1392 quandoque
967 1297 1011 1366 ad
1040 1295 1146 1366 sulam

148 1411 317 1479 caritatem
337 1408 512 1491 contrabit,
537 1432 619 1502 quae
644 1407 792 1476 videlicet
813 1408 944 1503 propria
967 1424 999 1478 et
1021 1408 1145 1502 specia-

147 1522 187 1592 lis
213 1539 263 1591 est
283 1522 455 1602 bonorum,
478 1543 550 1586 cunr
573 1536 697 1588 ceterae
717 1519 782 1586 duo
801 1536 867 1587 tarn
882 1519 1028 1614 reprobis
1047 1543 1146 1615 quam

149 1635 256 1704 electis
280 1633 344 1702 sint
366 1657 565 1701 communes.
603 1631 765 1726 Scriptum
786 1631 905 1726 quippe
922 1647 986 1700 est:
1009 1631 1090 1700 fides
1113 1638 1145 1718 ¹)

1 1733 2 1784 ἶ
94 1797 97 1803 ι
148 1748 215 1817 sine
240 1745 391 1840 operibns
416 1744 521 1812 otiosa
544 1759 594 1810 est
617 1759 649 1812 et
671 1768 748 1837 spes
770 1743 943 1838 impiorum
965 1743 1082 1839 peribit
1101 1749 1146 1830 ²).

72 1895 76 1914 =
147 1858 240 1928 Sicut
261 1875 368 1926 autern
392 1856 472 1925 fides
497 1871 552 1924 aut
574 1879 649 1950 spes
673 1855 743 1924 sine
768 1855 918 1948 operibus
942 1854 1070 1924 inutiles
1090 1869 1147 1923 aut

36 2023 43 2040 .
145 1971 255 2064 potius
280 1968 415 2039 nocivae
438 1967 532 2035 nobis
557 1965 755 2048 efficiuntur,
776 1967 822 2034 ita
845 1968 941 2034 etiam
964 1965 1147 2060 prudentia.
1243 1977 1247 1992 '

145 2083 255 2174 Magis
280 2081 398 2175 quippe
421 2079 466 2146 rei
490 2103 601 2146 sumus
629 2077 680 2146 vel
704 2077 781 2145 dum
804 2079 959 2162 scienter,
986 2076 1074 2173 quud
1096 2075 1145 2144 fa·
1249 2110 1250 2114 ¹

147 2194 295 2264 ciendum
313 2207 371 2275 est,
387 2191 534 2274 vitamus,
557 2188 607 2259 vel
624 2189 712 2285 quod
728 2184 794 2258 non
813 2205 872 2274 est,
887 2189 1023 2282 agimus,
1046 2211 1146 2284 qnam

146 2306 175 2376 si
205 2308 267 2374 buc
296 2330 356 2397 per
384 2302 598 2394 ignorantiam
631 2281 849 2394 roniingeret,
885 2326 967 2398 qnae
996 2300 1147 2368 videlicet

145 2417 288 2511 aliquam
311 2415 552 2484 excusationem
579 2413 792 2508 praetendere
814 2430 938 2508 posset.
983 2411 1083 2480 Unde
1115 2427 1148 2480 et

144 2527 225 2596 illud
248 2545 297 2597 est
323 2527 412 2622 quod
441 2527 560 2596 nostis:
601 2526 721 2595 Servus
744 2524 851 2593 sciens
876 2540 907 2594 et
929 2549 997 2593 non
1020 2523 1145 2593 faciens

145 2639 344 2711 voluntatem
368 2639 492 2707 domini
511 2638 577 2722 sui,
599 2637 765 2731 vapulabit
787 2636 895 2706 multis
915 2644 960 2725 ³).
995 2636 1039 2704 Et
1061 2634 1167 2722 alibi,

144 2746 266 2820 Melius
296 2767 382 2820 esset
411 2776 478 2819 non
507 2775 607 2820 nosse
636 2751 723 2819 viam
751 2749 911 2832 veritatis,
944 2773 1042 2843 quam
1070 2762 1148 2842 post

145 2864 290 2956 agnitam
308 2879 494 2948 retrorsum
523 2862 622 2930 abire.
665 2862 845 2930 Prudentia
873 2862 982 2956 itaque
1006 2862 1089 2928 sicut
1110 2859 1147 2926 fi·

145 2977 205 3044 des
228 2975 278 3045 vel
308 3000 401 3069 spes,
433 2998 515 3068 quae
542 2973 634 3042 malis
658 2999 762 3068 aeque
786 2989 822 3040 nt
843 2973 938 3042 bonis
962 2971 1147 3040 bominibus

147 3087 362 3170 conveniunt,
390 3112 457 3154 non
488 3103 553 3153 tam
583 3085 713 3154 virtutes
744 3084 901 3153 dicendae
929 3099 1020 3167 sunt,
1049 3107 1147 3179 quam
1194 3098 1196 3107 '

146 3199 298 3269 ducatum
323 3208 390 3285 (35.
412 3195 472 3286 V.)
497 3197 659 3293 quendam
683 3195 733 3265 vel
756 3196 998 3264 incitamentum
1021 3195 1064 3264 ad
1085 3195 1147 3264 vir·

127 3339 131 3346 ·
144 3327 239 3380 tutes·
253 3311 419 3404 praebere.

236 3420 461 3496 Christian.
497 3420 573 3490 Hoc
597 3420 639 3488 ad
661 3445 818 3514 praesens
843 3419 883 3488 de
905 3417 1077 3513 prudentia
1095 3442 1147 3486 sa·

145 3534 187 3604 tis
207 3557 280 3602 esse
300 3534 446 3603 arbitror.
480 3531 576 3604 Nunc
600 3533 642 3601 ad
661 3533 814 3630 reliquas,
835 3548 871 3602 ut
886 3527 1018 3601 Socrati!
1029 3529 1147 3626 placet,

145 3645 279 3714 virtutes
302 3661 451 3740 superest
472 3670 592 3716 meare.

100 3789 104 3796 Ι
143 3776 346 3788 -—¹e--———=

163 3843 197 3908 l)
216 3840 271 3896 Jao.
288 3839 321 3910 11,
340 3845 381 3898 17.
399 3839 467 3899 fides
484 3842 540 3898 sine
550 3839 681 3920 operibus
697 3850 805 3898 vocetur
821 3843 901 3917 νεκρὰ
916 3839 980 3898 καθ’
999 3838 1101 3914 ἑαυτήν.

162 3935 198 4004 2)
216 3933 293 3991 Prov.
311 3934 347 4002 X,
364 3937 407 3992 28.

160 4025 198 4100 3)
215 4027 279 4086 Luc.
297 4027 357 4098 ΧΠ,
373 4032 416 4087 47.
