2798 4486
262 397 458 481 notioribus,
486 419 583 491 quam
605 393 774 470 rebellibus
802 397 949 474 immittat
975 411 1033 497 per
1053 403 1243 498 prophetam

262 510 314 582 ait.
347 509 420 603 Ego
437 509 584 578 dominus
605 507 727 614 faciens
743 508 864 578 bonum
885 527 918 580 et
938 513 1244 606 creansmalum1).
1319 573 1321 581 ,

262 619 305 690 Et
326 621 360 690 in
384 619 548 713 evangelio
571 618 720 718 dominos
743 619 783 688 de
809 622 941 690 terrenis
970 625 1064 692 bonis
1093 641 1125 696 et
1151 625 1243 694 matis

261 731 303 800 ad
327 731 454 800 divitem
477 731 522 799 ait
540 739 587 817 ²)=
615 729 778 822 Recepisti
803 731 889 802 bona
910 734 944 801 in
966 735 1029 804 vita
1050 751 1106 804 tua
1128 749 1159 806 et
1179 734 1245 803 La-

262 867 353 910 zarus
375 841 519 910 similiter
540 840 634 909 mala.
670 840 727 910 tlte
751 866 879 936 quoque
900 861 1005 914 vester
1025 845 1113 939 prius
1136 851 1168 914 et
1183 871 1242 939 po-

261 969 332 1022 stea
353 969 465 1023 uos'ter
478 952 677 1045 Augustinus
698 967 834 1021 mortem
855 954 973 1028 malam
995 956 1117 1026 astruit.
1151 954 1243 1026 Sicut

262 1063 322 1148 lex,
340 1063 451 1158 inquit,
470 1089 538 1132 non
555 1078 604 1132 est
617 1063 746 1148 malum,
763 1063 915 1160 quoniam
932 1083 1028 1157 auget
1042 1066 1242 1160 peccantium

262 1174 567 1267 concupiscentiam,
599 1173 643 1242 ita
672 1199 733 1243 nec
760 1200 848 1244 mors
875 1176 997 1245 bonum
1019 1193 1068 1246 est
1089 1178 1241 1273 quoniam

260 1302 357 1380 auget
374 1285 571 1380 patientium·
579 1283 713 1376 gloriam
730 1300 762 1354 et
778 1284 874 1356 efficit
891 1303 1055 1381 martyres.
1089 1287 1157 1357 Lex
1175 1289 1242 1384 qui-

261 1397 336 1466 dem
358 1397 445 1466 bona
467 1406 524 1480 est,
548 1395 621 1491 quia
642 1395 813 1489 prohibitio
836 1412 886 1466 est
906 1397 1041 1490 peceati.
1077 1399 1169 1469 Mors
1185 1424 1239 1468 au·

227 1554 231 1559 -
261 1523 326 1576 tem
340 1505 434 1591 mala,
450 1506 525 1602 quia
540 1506 731 1600 stipendium
745 1508 881 1600 peccati.
913 1507 979 1577 Sed
996 1534 1090 1603 quem
1105 1517 1173 1603 (97.
1182 1509 1239 1597 V.)

178 1699 182 1716 .
261 1617 304 1687 ad
322 1618 454 1687 modum
472 1616 580 1708 injusti
596 1615 681 1686 tnale
700 1616 795 1686 etiam
813 1634 942 1687 utuntur
956 1619 1061 1703 honis,
1081 1619 1126 1689 ita
1144 1619 1239 1689 etiam

173 1767 176 1774 v
229 1729 336 1824 'justi
364 1729 445 1798 bene
471 1743 603 1796 utuntur
628 1727 731 1797 malis.
773 1728 859 1798 Hinc
886 1730 921 1799 lit
947 1745 982 1798 ut
1007 1745 1039 1799 et
1059 1729 1133 1800 mali
1155 1731 1238 1800 maie

152 1855 154 1858 ’
260 1839 331 1933 lege
360 1831 504 1919 utantur,
534 1841 676 1934 quamvis
703 1839 744 1908 sit
771 1839 821 1909 lex
849 1841 970 1909 bonurn
999 1857 1032 1912 et
1057 1841 1135 1911 boni
1155 1843 1237 1912 bene

260 1951 452 2032 morientur,
474 1948 616 2044 quamns
638 1949 680 2018 sit
700 1975 787 2020 mors
809 1951 935 2021 malum.

345 2061 500 2134 Phitos.
543 2058 710 2150 Quorsum
731 2062 866 2132 obsecro
889 2061 975 2131 ista?

349 2171 570 2241 Christian.
605 2171 650 2241 Ut
673 2197 744 2241 eam
766 2173 895 2268 inquam
916 2171 1079 2241 meliorem
1101 2197 1173 2242 esse
1195 2173 1237 2244 vi·

261 2301 328 2353 tam
356 2282 531 2374 intelligas.
558 2305 654 2376 quam
682 2290 714 2350 et
741 2283 781 2350 ab
802 2283 871 2350 istis
893 2281 984 2350 malis
1006 2282 1137 2350 omnino
1160 2308 1237 2350 con·
1287 2351 1290 2364 ,

262 2408 326 2463 stat
343 2417 414 2462 esse
430 2393 613 2474 immunem,
633 2406 667 2459 et
680 2394 837 2460 intentum
854 2416 874 2459 a
890 2407 1025 2484 peccato
1041 2415 1171 2485 prorsus
1188 2418 1237 2460 re·

262 2521 393 2586 motam,
415 2518 538 2572 utnon
560 2501 664 2571 solum
685 2501 729 2570 ibi
750 2526 816 2570 non
838 2517 995 2595 peccetur,
1017 2501 1074 2570 sed
1089 2528 1150 2572 uec
1164 2527 1237 2595 pec-

263 2613 327 2683 cari
354 2614 467 2708 possit.
512 2611 607 2703 Quae
633 2611 694 2680 nisi
715 2611 828 2681 melior
848 2611 911 2680 vita
932 2628 1099 2705 praesente
1121 2612 1163 2712 sit
1184 2628 1239 2680 aut
1309 2619 1311 2626 ’

261 2726 363 2816 magis
386 2724 520 2819 placeat,
540 2723 657 2793 frustra
678 2738 728 2792 est
747 2721 781 2790 in
802 2724 1005 2793 retributione
1027 2713 1140 2816 posita.
1179 2721 1238 2792 Sin

262 2851 367 2904 autem
383 2835 483 2927 magis
499 2833 602 2929 placet
615 2858 676 2903 uec
694 2831 870 2903 meliorest
889 2833 1144 2903 irrationabiliter
1164 2833 1238 2904 huic
1288 2827 1291 2834 ⁴

262 2943 439 3040 praefertur
460 2962 492 3015 et
514 2945 567 3040 qui
590 2951 661 3014 eam
683 2944 865 3014 desiderant
885 2944 1054 3016 indiscrete
1075 2960 1184 3036 agunt.

348 3056 501 3126 Philos.
545 3054 641 3126 Certe
674 3071 710 3124 ut
742 3082 851 3126 verum
877 3053 979 3124 fatear
1005 3080 1091 3123 nuuc
1118 3070 1150 3123 te
1176 3054 1238 3147 pri·

262 3194 350 3237 mum
382 3167 608 3262 philosophum
642 3168 834 3262 comperior,
868 3192 929 3236 nec
957 3181 1022 3235 tam
1049 3163 1237 3233 manifestae

261 3279 378 3348 rationi
405 3277 606 3370 impudenter
635 3277 789 3347 convenit
810 3275 980 3347 adversari.
1022 3273 1090 3344 Sed
1114 3274 1158 3344 ibi
1179 3300 1237 3367 po·

262 3389 325 3458 tius
348 3413 443 3484 quam
466 3388 517 3456 hic
538 3391 623 3480 juxta
643 3388 842 3482 propositam
862 3387 1023 3470 rationem·
1039 3402 1126 3454 tuam
1153 3407 1238 3454 sum·

262 3525 350 3566 mum
380 3513 429 3566 est
457 3497 594 3567 hominis
619 3499 740 3567 bonum
762 3498 1018 3593 exspectandum.
1061 3495 1104 3564 Et
1125 3494 1243 3570 fortas„
1325 3585 1327 3592 Ι

263 3609 308 3678 sis
331 3610 393 3677 hoc
415 3606 480 3680 fuit.
493 3608 622 3702 Epicuri
644 3610 798 3679 sententia
821 3635 979 3678 summum
1003 3608 1124 3676 bonum
1150 3604 1239 3674 volu·

262 3735 383 3814 ptatem
411 3717 561 3805 dicentis,
589 3721 740 3816 quoniam
765 3718 912 3790 videlicet
936 3733 1024 3790 tanta
1045 3733 1095 3788 est
1115 3715 1241 3788 animae

264 3861 459 3878 m

281 3959 314 4030 1)
331 3959 384 4017 os.
403 3957 571 4029 ΜΗ.
677 3913 881 4031 neusin
918 4001 920 4005 ,
999 3911 1002 3918 ’
