2798 4486
246 444 297 498 est
320 425 537 504 excellentius,
561 425 593 494 in
619 428 707 519 cujus
731 424 881 496 fruitione
903 455 979 497 vera
1003 431 1151 499 consistit
1169 432 1242 502 hea-

244 540 368 623 titudo,
404 554 531 609 constat
564 536 677 632 procul
711 538 811 607 dubio
843 543 911 632 ejus
943 541 1089 610 doctrina
1121 561 1242 615 ceteras

244 667 311 721 tam
336 651 468 720 utilitate
485 673 581 745 qnam
600 650 753 742 dignitate
770 650 867 742 longe
884 653 1089 746 praecedere.
1127 657 1243 751 Longe

245 765 364 861 quippe
382 764 516 833 aliorum
533 763 638 830 studia
656 761 738 829 infra
757 787 915 832 summum
935 765 1054 834 hoonm
1073 785 1244 864 remanent

244 903 306 948 nec
329 874 535 947 beatitudinis
560 874 751 963 contingunt
775 871 993 961 eminentiam,
1020 905 1079 948 nec
1105 879 1186 948 nllus
1209 881 1243 950 io

245 989 292 1058 ei‘s
312 977 434 1058 fructus
456 1001 598 1082 apparet,
623 987 685 1054 nisi
704 975 956 1082 qnantum'huic
972 1013 1118 1060 summae
1135 993 1242 1062 deser·

243 1104 332 1172 vient
363 1100 610 1197 philosophiae,
646 1115 801 1194 tanquam
836 1101 921 1168 circa
948 1100 1114 1170 dominam
1144 1129 1240 1173 occu·

242 1217 403 1310 pare(tae)
427 1212 651 1306 pedissequae.
690 1211 779 1299 Quid
805 1211 890 1280 enim
913 1213 953 1281 ad
975 1211 1115 1282 studium
1136 1241 1239 1308 gram·

242 1327 380 1396 maticae
405 1324 453 1393 vel
478 1323 664 1392 dialecticae
688 1322 737 1391 vel
762 1340 939 1393 ceterarum
963 1326 1078 1393 artium
1103 1326 1142 1394 de
1165 1351 1242 1396 vera

242 1437 384 1508 hominis
408 1435 605 1512 beatitudine
628 1435 839 1527 vestiganda?
881 1437 996 1529 Longe
1020 1463 1141 1507 omnes·
1159 1437 1241 1508 iule-

184 1617 186 1625 ,
241 1551 308 1620 rius
339 1550 379 1617 ah
411 1549 471 1617 hac
502 1546 675 1616 eminentia
697 1549 805 1639 jacent
826 1574 888 1627 nec
912 1549 952 1616 ad
977 1565 1100 1618 tantum
1124 1575 1159 1619 se
1183 1551 1240 1619 ad·

140 1677 142 1686 ’
242 1661 356 1731 tollere
387 1660 495 1729 valent
516 1657 689 1751 fastigium.
736 1656 802 1727 Sed
827 1662 986 1756 quaedam
1009 1687 1129 1754 genera
1151 1661 1242 1732 loco-

241 1774 367 1842 tionum
399 1773 530 1842 tradunt
557 1770 607 1839 vel
637 1797 741 1839 rerum
773 1771 896 1868 aliquas
927 1759 1074 1843 exercent
1098 1777 1242 1856 naturas,

243 1887 337 1982 quasi
368 1883 527 1982 quosdam
558 1882 677 1976 grados
706 1884 749 1952 ad
773 1884 857 1952 hanc
880 1885 1101 1954 celsitudinem
1123 1911 1241 1980 paran-

241 2009 308 2083 tes,
338 2025 412 2068 cum
442 1996 482 2065 de
512 1996 584 2090 ipsa
613 1995 708 2064 nobis
733 1995 958 2066 disserendum
982 2013 1013 2066 et
1035 2023 1093 2092 per
1114 1997 1238 2094 aliquas

240 2137 348 2181 rerum
377 2123 508 2178 naturas
537 2109 571 2177 io
601 2107 781 2202 exemplum
809 2108 859 2177 vel
884 2108 1125 2178 similitudinem
1148 2109 1241 2204 quasi

155 2235 158 2243 '
241 2222 337 2292 fuerit
359 2221 578 2302 asserendum
615 2220 769 2311 (etv.)
799 2236 833 2287 ot
861 2247 920 2314 per
947 2221 1018 2291 illas
1042 2222 1133 2316 qnasi
1158 2247 1237 2317 quo-

243 2336 318 2402 dam
341 2332 609 2427 pedissequarum
632 2329 751 2399 ducatu
769 2332 987 2425 pertingamus
1011 2333 1053 2403 ad
1074 2334 1239 2404 dominam

240 2447 275 2515 in
303 2445 364 2513 illis
395 2441 525 2538 quidem
554 2441 792 2536 progressionis
827 2459 959 2512 nostrae
988 2445 1156 2514 transitum
1183 2446 1238 2520 hae

240 2557 372 2640 hentes,
401 2555 435 2623 io
459 2554 521 2623 hac
543 2553 688 2650 requiem
716 2570 748 2622 ct
769 2570 899 2624 nostrae
922 2556 1119 2648 fatigationis
1142 2557 1238 2626 finem

241 2668 362 2763 adepti.
648 2669 653 2680 '

265 2791 267 2794 ’
331 2775 553 2848 Christian.
599 2775 739 2847 Gaudeo
765 2792 796 2848 te
820 2777 915 2872 hujus
937 2779 1164 2876 philosophiae
1188 2765 1240 2852 ex·

236 2891 425 2963 cellentiam
441 2905 515 2981 ,tarn
538 2888 710 2982 diligenter
731 2889 875 2982 attigisse
900 2907 932 2960 et
954 2913 973 2959 a
993 2894 1107 2962 ceteris
1127 2894 1239 2964 distin·

240 3005 343 3087 xisse,
372 3028 411 3072 ex
440 3027 505 3098 quo
535 3017 566 3071 te
595 3001 629 3070 in
660 3005 729 3097 ejus
756 3003 862 3073 studio
885 2991 1021 3074 maxime
1044 3022 1240 3100 occupatum

239 3115 396 3208 intelligo.
587 3201 589 3205 ι

289 3268 293 3276 ·
327 3224 485 3325 Philos.
510 3223 613 3296 Recte
629 3225 759 3323 inquam
776 3241 979 3322 occupato-m.
1011 3227 1103 3298 Haec
1121 3219 1239 3326 quippe

239 3340 311 3409 sola
335 3355 384 3408 est
405 3336 560 3444 naturalis
584 3337 769 3430 disciplina,
797 3363 880 3435 quae
903 3339 1085 3434 praeceptis
1109 3342 1238 3411 morali-

237 3453 298 3522 hos
318 3466 409 3520 tanto
428 3447 576 3547 amplios,
591 3449 794 3545 philosophis
815 3453 973 3545 congruit,
992 3470 1112 3548 quanto
1131 3454 1235 3546 magis

239 3588 297 3634 eos
319 3562 392 3654 lege
415 3561 460 3630 uti
485 3577 517 3630 et
528 3561 712 3632 'rationibus
737 3581 866 3633 constat
885 3564 1062 3648 inhaerere,
1087 3553 1239 3634 sicotille

237 3677 285 3747 vir
308 3676 423 3744 doctor
442 3684 474 3762 ¹)
497 3671 650 3750 meminit.
692 3673 777 3746 Nam
801 3692 833 3745 et
854 3677 978 3771 judaei,
1001 3677 1119 3773 inquit,
1143 3679 1237 3770 signa

236 3786 350 3884 petunt
372 3803 405 3856 et
428 3786 535 3879 graeci
558 3789 752 3883 sapientiam
774 3807 942 3884 quaerunt.
979 3788 1098 3858 dodaci
1117 3790 1236 3886 quippe

237 3951 439 3968 m

256 4039 290 4111 l)
308 4037 403 4098 Paulus
420 4033 564 4116 Apostolus
581 4041 609 4098 in
634 4043 645 4096 1
667 4039 731 4098 Cor.
748 4037 774 4110 1,
794 4043 838 4098 22.
