2798 4486
150 161 326 272 ,arf

235 348 339 403 steros
369 329 595 400 auctoritatem
623 326 864 397 transmitteret.
908 325 1003 395 Haec
1031 328 1072 398 de
1099 327 1232 398 circum·

236 444 358 514 cisione
381 443 414 510 in
438 441 692 536 praesentiarum
715 439 793 508 satis
817 438 963 509 arbitror.
987 439 1073 532 xQui
1094 443 1233 513 vero'ex

235 557 394 651 scriptura
428 553 621 624 convincere
656 551 784 633 niteris,
821 575 894 619 eam
926 551 977 620 lris
1007 569 1133 622 tantum
1160 579 1234 623 esse
1323 559 1325 564 ’

234 669 413 762 injunctam
449 667 504 762 qui
540 693 576 734 ex
611 663 734 733 semine
768 663 929 732 ducuntur
957 665 1126 749 Abrahae;
1164 691 1234 735 non

225 777 476 862 animadvertis,
499 776 587 871 quod
610 776 730 844 ibidem
754 774 908 869 scriptum
931 792 990 861 est,
1012 776 1053 848 de
1072 767 1236 848 ltis'etiam
1328 869 1333 878 α

237 892 292 986 qui
328 891 369 959 de
390 890 465 958 ‘hac
500 889 597 983 stirpe
624 915 701 976 nour
723 902 808 959 suut.
853 885 939 955 Cum
968 888 1054 957 enim
1084 890 1235 960 domiuus
1327 929 1331 935 ·

237 1003 474 1099 praemisisset:
497 1001 604 1104 inians
629 1017 704 1071 octo
726 999 851 1068 dierum
874 997 944 1090 (fol.
959 1000 1077 1092 11.R.)
1100 1000 1235 1070 circum·

239 1116 363 1186 uidetur
383 1115 417 1182 in
441 1114 533 1184 vobis
558 1139 654 1182 omne
677 1107 892 1180 masculinum
914 1111 948 1180 in
973 1114 1246 1210 generationibus

237 1227 370 1311 vestriS,
397 1243 464 1294 tam
486 1224 679 1295 vernaculus
709 1249 807 1321 quam
837 1223 999 1318 emptitius
1029 1225 1235 1296 circumcide-

238 1357 310 1424 tur3
335 1338 461 1410 statim
500 1336 639 1431 adjecit:
679 1351 711 1405 et
744 1337 927 1431 quicunqne
962 1363 1030 1406 non
1065 1337 1160 1407 luerit
1186 1338 1235 1439 =de

239 1453 338 1547 stirpe
371 1466 487 1520 vestra.
540 1448 642 1538 Quod
670 1448 778 1544 itaque
807 1448 901 1517 isaac
924 1447 1036 1517 ‘solum
1065 1465 1097 1518 et
1125 1474 1238 1520 semen

241 1567 309 1657 ejus
334 1562 428 1632 ad
400 1561 673 1638 circumcisionem
695 1562 854 1657 pertinere
878 1561 1012 1645 astruis,
1038 1561 1111 1631 vide
1136 1587 1237 1657 quan·
1258 1579 1261 1586 ⁴

239 1694 305 1745 tarn
335 1675 454 1745 habeat
483 1675 735 1758 dissonantiam,
765 1688 798 1742 et
825 1699 861 1742 ex
883 1673 956 1768 ipso
980 1699 1111 1768 quoque
1134 1675 1238 1744 Abra·

240 1789 302 1858 liae
326 1789 413 1858 lacto
437 1804 469 1857 te
493 1787 628 1880 corrige.
665 1787 740 1880 lpse
764 1811 896 1880 quoque
916 1813 953 1854 ex
969 1785 1131 1856 dominico
1147 1813 1239 1882 prae·

241 1918 337 1995 cepto
361 1899 532 1969 Ismaelem
561 1924 691 1994 quoque
722 1921 831 1966 secum
863 1912 895 1966 et
924 1923 1038 1968 omnes
1068 1897 1154 1968 viros
1180 1899 1239 1967 do·

240 2039 312 2081 mus
337 2039 414 2082 suae
439 2027 504 2080 tam
527 2009 717 2080 vernaculos
747 2034 846 2104 quam
877 2009 1038 2105 emptitios
1069 2025 1100 2078 et
1129 2009 1240 2078 alieni·

242 2149 343 2217 genas
372 2124 492 2218 pariter
521 2121 763 2192 circumcidisse
792 2138 1004 2206 memoratur;
1042 2121 1167 2206 statim,
1196 2121 1241 2192 ait

243 2237 415 2330 scriptura,
439 2234 567 2327 inipso
593 2233 662 2317 dic,
692 2234 1004 2328 sicut'praeceperat
1027 2235 1056 2304 ei
1079 2227 1249 2320 dominns,¹

186 2381 190 2393 ·
243 2365 418 2442 antequam
440 2346 548 2413 adhuc
569 2345 662 2413 Isaac
685 2361 782 2413 natus
804 2343 933 2429 luisset;
962 2360 998 2414 ut
1016 2346 1147 2420 avulsis
1168 2370 1241 2415 eam

243 2458 568 2553 accepissesciatis,
600 2473 632 2526 et
660 2473 756 2526 tanto
785 2457 878 2526 vobis
908 2482 987 2526 eam*
1013 2457 1105 2552 qnasi
1135 2459 1241 2550 magis

243 2570 425 2640 naturalem
446 2569 626 2639 vindicetis.
664 2567 761 2639 Nunc
785 2595 861 2662 ergo
886 2567 914 2636 si
931 2568 1038 2663 placet
1058 2569 1129 2664 ipsa
1146 2570 1243 2638 etiam

245 2683 423 2775 scripturae
446 2683 544 2751 verba
567 2706 739 2777 ponamus,
764 2705 847 2776 quae
870 2697 945 2749 sunt
968 2681 1061 2774 hujus
1083 2681 1172 2750 modi
1193 2691 1243 2772 ¹):

245 2793 340 2862 Tulit
366 2803 483 2865 autem
498 2793 663 2862 Abraham
685 2791 856 2861 ismaelem
879 2791 979 2861 filium
1003 2818 1097 2861 suum
1121 2809 1152 2863 et
1174 2821 1243 2864 om·

244 2929 304 2974 nes
334 2905 525 2975 vernaculos
558 2907 674 2976 domus
704 2930 800 2988 suae,
821 2919 862 2974 et
891 2905 1086 2974 circumcidit
1113 2920 1279 3012 carnem}

244 3019 405 3116 praeputii
430 3045 558 3103 eorum,
588 3017 695 3086 statim
718 3018 750 3085 in
773 3017 846 3110 ipso
871 3016 939 3102 die,
967 3018 1049 3086 sicut
1069 3043 1244 3114 praecepe-
1253 3036 1254 3040 ’

246 3145 296 3198 rat
326 3131 355 3198 ei
384 3131 547 3205 dominus.
593 3128 673 3199 Et'
664 3145 780 3213 iterum
811 3129 927 3198 eadem
957 3129 1065 3200 die
1039 3131 1243 3200 circumcisus

247 3257 296 3310 est
318 3242 484 3312 Abraham
508 3261 540 3312 et
560 3240 678 3311 Ismael
703 3241 839 3310 fitius
811 3267 890 3333 elus,
913 3258 952 3330 et
968 3267 1082 3312 omnes
1105 3244 1163 3312 virr
1154 3243 1244 3312 do·

247 3380 319 3421 mus
344 3357 412 3446 ejus
436 3371 502 3423 tarn
524 3356 689 3424 vernaculi
712 3379 811 3451 quarn
835 3354 968 3448 emptitii
991 3371 1023 3422 et
1043 3353 1244 3448 alienigenae

246 3465 366 3559 pariter
388 3467 571 3535 circumcisi
594 3475 678 3538 sunt.
725 3466 827 3556 Quod
850 3467 947 3535 etiam
970 3465 1138 3540 induxisti:
1167 3491 1253 3561 „pag

249 3593 335 3647 ctum
358 3603 433 3648 vero
456 3593 563 3647 meum
587 3595 726 3650 statuam
749 3580 791 3648 ad
812 3579 949 3662 Isaac,“
974 3578 1246 3648 animadvertatur

187 3740 189 3744 -
248 3690 361 3761 volens
392 3691 456 3760 hoc
482 3707 608 3762 tantum
631 3692 672 3764 de
693 3707 793 3788 pacto
816 3689 1070 3762 circumcisionis
1092 3716 1161 3763 non
1182 3708 1244 3760 ter·

264 3936 299 4009 1)
318 3935 384 3994 Geta
401 3933 494 4005 XVII,
509 3936 553 3992 23.
