2806 4492
229 241 350 308 XXVI

198 485 200 491 ψ
229 420 399 502 summis
428 418 611 502 laudibus
649 437 946 525 exornaretur,
976 425 1098 506 modo
1121 429 1231 506 omnt

229 566 568 649 contumeliarum
589 597 764 677 ¹genere¹
782 575 1079 675 cumularetur,
1107 575 1233 654 sinee-

229 716 499 796 rosveritatis
518 716 669 796 amieos
688 718 739 797 ad
757 716 907 818 iustam
922 722 984 801 rei
1002 720 1232 801 considera·
1253 771 1256 775 -

229 861 384 942 tionem
397 860 595 971 ejusmodi
612 863 761 944 librum
779 881 974 973 expetere
993 868 1186 974 potuisse,
1205 893 1230 945 a

125 1083 128 1086 .
228 1003 568 1090 verisimilitudinr
606 1037 690 1088 non
720 1011 897 1092 alienum
934 1039 1023 1092 esse
1036 1079 1039 1088 .
1054 1011 1228 1092 videtur.

230 1155 295 1234 Ab
317 1153 381 1235 bis
402 1153 545 1236 deinde
566 1153 800 1236 muliorum
817 1183 983 1256 manus,
1008 1157 1076 1264 qni
1095 1157 1230 1238 minus

229 1300 335 1382 bene
350 1330 451 1412 erga
464 1297 711 1409 Magistrum
722 1305 889 1382 Petrum
898 1302 1067 1382 animati
1081 1319 1230 1404 essent,

230 1447 380 1527 librum
404 1447 611 1528 transiisse
641 1447 955 1530 existimandum
976 1448 1068 1528 erit.

329 1596 462 1707 Quam
494 1595 819 1702 demumounque
850 1596 1092 1678 senteutiam
1122 1599 1230 1703 prio·

230 1766 322 1820 rem
351 1767 422 1821 seu
452 1742 726 1849 posteriorem
762 1756 1001 1851 praeoptas,
1032 1743 1229 1822 benevole

111 1963 113 1967 ,
231 1871 381 1985 lector,
412 1886 489 1966 alia
511 1902 726 1995 praeterea
756 1889 955 1969 sententia
974 1890 1018 1968 in
1034 1889 1231 1968 auxilium

161 2059 163 2069 ’
230 2030 373 2114 vocari
402 2048 548 2142 potest.
932 2139 935 2144 ἡ

342 2182 460 2261 Haud
481 2209 581 2262 vero
602 2181 795 2262 ¹absimile
823 2180 1007 2278 videtur,
1038 2179 1230 2264 Abaelure

229 2326 328 2422 dum
345 2353 430 2405 non
449 2328 598 2436 ipsum,
622 2356 725 2435 quae
744 2329 787 2406 in
809 2341 954 2407 nostro
975 2325 1080 2434 libro
1096 2327 1230 2434 legan-

230 2486 318 2575 tur,
344 2474 470 2553 literis
493 2473 763 2572 mandavisse,
791 2472 863 2552 sed
887 2471 1231 2584 aliumquendam
1266 2548 1270 2567 ,

229 2607 440 2700 hominem
471 2619 663 2726 doctum-'2
698 2615 757 2700 =Si
789 2644 933 2698 eorum
960 2615 1230 2726 oonjeoturae,

232 2764 302 2874 qui
315 2764 660 2845 introductionem
677 2764 773 2842 olim
799 2763 1023 2872 perfectam
1051 2763 1232 2846 extitisse

233 2911 508 3012 arbitrantur,
538 2913 737 3012 oaloulum
761 2910 995 3022 adjicimus,
1021 2909 1122 3006 haee
1144 2939 1232 2991 sen-

231 3058 359 3139 tentia
378 3087 631 3168 magnopere
647 3088 690 3140 se
710 3059 986 3140 commendat.
1034 3037 1126 3172 Quo
1150 3083 1232 3134 ma·

231 3205 295 3315 gis
314 3208 434 3284 Petro
453 3205 666 3314 indignum
687 3233 775 3286 esse
792 3173 969 3314 judiees,
1000 3205 1068 3312 qui
1095 3229 1234 3311 perso·

231 3377 329 3432 nam
344 3352 640 3434 abbreviatoris
656 3354 722 3432 vel
744 3353 998 3461 excerptoris
1027 3351 1097 3459 (sit
1114 3350 1234 3428 venia

222 3497 404 3605 'verbo!)
424 3500 578 3608 egerit,
605 3527 654 3580 eo
671 3499 825 3582 facilius
852 3497 937 3608 ejus
953 3497 1097 3578 cultori
1119 3508 1158 3575 et
1177 3493 1234 3572 di·

233 3647 387 3757 scipulo
411 3645 452 3726 id
471 3647 652 3748 tribuere
673 3675 904 3758 possumus.
944 3645 1089 3726 Brevis
1110 3642 1233 3720 histo-

233 3761 413 3875 ricarum
430 3823 573 3878 rerum
596 3787 809 3897 tractatio,
842 3822 945 3906 quae
974 3795 1017 3872 in
1037 3803 1232 3870 tractatus
1330 3775 1332 3786 ’

233 3944 364 4025 nostri
391 3973 426 4027 o.
452 3965 500 4030 12
524 3947 744 4047 invenitur,
775 3968 1020 4055 quamq-uam
1040 3939 1084 4018 in
1105 3928 1235 4016 Intro-
