2798 4486
233 199 283 296 44

172 373 174 384 ’
233 367 304 444 hus.
344 365 446 463 Cujus
471 383 503 438 et
525 365 693 462 apostolus
712 384 819 438 vester
839 368 1026 464 praeferens
1042 368 1233 456 doctrinam,

232 497 264 554 et
292 482 415 578 primae
444 479 526 572 legis
555 479 833 575 imperfectionem
867 480 1040 552 manifeste
1074 483 1232 579 profitens

231 593 278 664 ait
297 599 344 687 ¹):
375 591 552 666 Multilarie
576 592 747 688 multisque
770 593 876 664 modis
900 594 981 664 deus
1000 593 1076 663 olim
1091 593 1232 688 loquens

230 707 376 803 patribus
400 706 433 773 in
457 703 638 800 prophetis,
666 704 840 774 novissime
870 705 983 775 diebos
1006 706 1078 777 istis
1101 706 1231 777 locutus

208 899 210 904 ¹
231 817 394 889 est'n'obis
417 817 451 885 in
471 815 536 886 filio
562 816 594 886 et
609 832 670 887 cet.
707 816 750 885 Et
767 816 882 896 iterum
904 817 990 886 idem
1007 817 1089 886 inlra
1113 818 1154 888 de
1174 845 1228 888 ve·

230 931 306 1006 teris
332 948 363 1000 et
385 953 490 998 novae
513 927 595 1022 legis
617 928 812 999 discretione
836 928 984 998 indicans
1004 937 1052 1022 ²),
1073 931 1228 1026 reproba·
1284 995 1285 998 ,

228 1042 292 1126 tio,
317 1033 451 1137 inquit,
468 1041 503 1109 lit
525 1041 749 1135 praecedentis
775 1041 920 1108 mandati
942 1057 1074 1136 propter
1096 1041 1228 1111 infirmi-

227 1169 328 1222 tatem
356 1156 425 1246 ejus
451 1168 483 1221 et
504 1152 718 1223 inutilitatem.
763 1151 850 1224 Nihil
875 1152 961 1222 euim
984 1150 1025 1226 ad
1049 1153 1228 1250 perlectum

226 1265 359 1370 adduxit
375 1264 437 1333 lex.
472 1264 672 1334 Introductio
695 1291 771 1336 vero
791 1263 931 1334 melioris
951 1267 1030 1361 spei,
1052 1291 1228 1363 perquam

151 1385 152 1388 ’
224 1377 447 1474 proximamus
471 1375 513 1444 ad
537 1375 642 1449 deum.
770 1379 776 1386 ’

209 1562 211 1566 ,
318 1486 541 1557 Christian.
586 1486 683 1557 Certe
711 1504 748 1557 ut
775 1487 870 1558 video
901 1513 969 1558 nou
993 1505 1023 1558 te
1045 1489 1227 1583 ignorantia

224 1599 300 1670 fidei
323 1616 470 1682 nostrae,
501 1599 559 1668 sed
588 1599 690 1694 magis
721 1615 795 1668 tuae
825 1599 1021 1686 infidelitatis
1051 1601 1224 1672 obstinatio

225 1712 369 1782 damnat.
414 1709 484 1800 Qui
514 1725 546 1779 et
577 1715 707 1780 nostrae
730 1710 810 1804 legis
833 1711 1067 1807 perfectionem
1090 1740 1127 1782 ex
1149 1713 1225 1782 scri-

191 1883 193 1886 .
223 1825 287 1920 ptis
316 1823 418 1918 ipsius
445 1822 584 1898 didicisti
607 1840 640 1892 et
662 1821 786 1907 adhuc,
816 1823 904 1920 quod
927 1823 1092 1918 sequaris,
1121 1824 1224 1921 inqui·

221 1937 282 2019 ris,
305 1934 404 2030 'quasi
423 1933 606 2030 perlectum
628 1934 673 2004 ilii
696 1951 728 2005 et
750 1937 901 2005 omuibus
925 1934 995 2006 aliis
1020 1935 1223 2006 excellentius
1271 1991 1273 1993 -

221 2073 291 2116 non
313 2047 436 2116 habeas
461 2046 692 2136 documentum
721 2038 889 2133 uirtutum,
920 2071 1001 2145 quas
1025 2048 1067 2116 ad
1091 2048 1227 2118 beatitu-
1320 2137 1321 2142 ἵ

223 2159 333 2227 dinem
363 2155 508 2243 sulficere
536 2157 723 2229 nullatenus
754 2160 897 2243 dubitas,
929 2159 974 2238 ‚de
1005 2183 1069 2266 qua
1093 2161 1223 2254 quidem

220 2269 431 2367 perfectione,
452 2272 534 2363 quae
553 2269 695 2356 deerant,
716 2269 749 2337 id
766 2286 816 2338 est
831 2273 930 2339 veteri
948 2293 1008 2360 suo
1028 2271 1221 2365 complente,

221 2382 388 2474 cumipse
412 2379 563 2448 dominus
588 2405 708 2448 novum
731 2381 871 2449 traderet
893 2396 1132 2467 testamentum,
1157 2400 1221 2452 sta·

220 2493 279 2562 tim
303 2515 435 2560 exorsus
460 2489 625 2585 discipulis
652 2489 696 2557 ait
714 2497 765 2580 8)ι
803 2488 875 2562 Nisi
900 2491 1110 2564 abundaverit
1131 2496 1220 2589 justi-

124 2629 132 2644 ‘
219 2604 265 2674 tia
289 2620 396 2673 vestra
416 2619 476 2673 etc.
516 2602 559 2671 Et
580 2601 689 2672 statim
710 2627 769 2695 per
791 2602 917 2696 singula
939 2608 1012 2694 (90.
1027 2604 1092 2699 V.)
1115 2633 1220 2678 novae

219 2715 302 2810 legis
333 2703 565 2784 abundantiam
594 2728 803 2808 prosecutus,
833 2741 915 2809 quae
945 2700 1059 2785 morali
1087 2718 1222 2789 deerant
1335 2701 1338 2704 Ι
1392 2698 1395 2706 ,

219 2825 409 2928 perlectioni
433 2826 603 2920 diligenter
625 2825 789 2919 expressit
805 2843 836 2895 et
857 2852 967 2896 veram
990 2829 1125 2899 ethicam
1142 2851 1231 2920 con7'

220 2939 367 3036 sufflavit,
389 2937 422 3006 id
443 2955 501 3022 est,
526 2940 617 3031 cujus
638 2937 892 3031 comparatione,
915 2939 1065 3036 quicquid
1089 2959 1155 3038 tarn
1177 2943 1218 3012 ab

219 3049 361 3146 antiquis
391 3050 535 3144 patribus
566 3074 664 3145 quam
691 3049 859 3144 prophetis
889 3051 929 3119 de
959 3050 1127 3146 disciplina
1149 3080 1218 3123 mo·
1323 3142 1325 3146 7
1351 3069 1356 3076 ’

218 3190 301 3234 rum·
326 3187 364 3231 ac
402 3161 597 3232 discretione
634 3161 783 3230 virtutum
812 3161 962 3231 traditum
989 3162 1110 3248 suerat,
1139 3164 1219 3236 nihil

219 3297 292 3345 esse
323 3271 417 3342 sacile
446 3273 670 3364 convincetur,
705 3267 733 3342 si
764 3271 934 3368 diligenter
962 3265 1043 3344 hae'c
1073 3276 1217 3347 confera-

216 3410 288 3454 mus
314 3411 387 3453 cum
408 3384 583 3478 prioribus
626 3409 630 3415 ·
937 3401 941 3408 “

307 3495 464 3568 Philos.
502 3497 629 3566 Harum
651 3522 715 3584 me,
735 3495 891 3583 ut'nosti,
915 3495 1124 3568 collationum
1146 3495 1216 3568 tau-

216 3661 416 3678 Ἀ

235 3746 266 3816 1)
285 3745 365 3803 Hebe.
382 3745 409 3815 l,
429 3749 445 3803 l
646 3813 647 3819 ¹

190 3907 192 3914 ,
232 3849 265 3922 2)
283 3849 364 3907 Hebe.
383 3848 445 3920 Vll,
465 3855 507 3911 18.
526 3855 572 3910 19-
664 3915 666 3918 ,

171 3981 172 3984 “
232 3955 268 4028 3)
285 3953 374 4013 March.
394 3955 429 4026 V,
444 3961 487 4016 ⁶20.
