2774 4486
557 189 722 302 ...⁵3
782 252 853 278 ..,

157 389 258 458 sosstt'
269 387 404 478 quidem
416 389 572 456 strictiori
585 406 715 456 summa
729 389 860 455 decreta
876 383 1132 471 intettigurttur,¹
1143 407 1204 474 per
1213 405 1252 449 so
1365 452 1376 470 ‚

160 497 266 570 corta,
283 483 440 577 ‘o'quibua
453 493 566 579 atiqua
579 493 730 558 doctrina
744 504 777 558 st
792 491 929 579 prodeat
943 500 976 554 et
989 489 1139 578 pendeat.
1180 484 1251 548 Eo·

162 616 238 674 rum
263 615 345 658 vero
368 594 495 661 indoles
515 615 578 683 pro
598 596 737 661 diversis
760 593 1028 683 disciplinarum,
1057 591 1173 676 quibus
1188 588 1251 651 ad·-

159 694 337 770 hibentur,
360 697 767 788 rationibusipssdivcrsa
786 709 844 762 est.
888 694 1088 768 Aliaeuim,
1110 697 1252 779 qtsorum

167 819 242 862 usus
258 799 298 862 sd
315 821 368 863 aaa
387 812 474 866 artes
488 801 647 888 pertinet,
675 819 761 884 quus
776 795 847 863 soio
862 796 963 862 animi
979 797 1118 861 humant
1137 795 1254 879 vigore

167 913 262 986 atque
284 903 437 968 acumina
459 903 630 983 nituntur,
660 904 706 967 ita
732 913 921 989 comparata
942 912 1036 975 sunt,
1066 911 1100 962 ut
1124 896 1255 980 singula

168 1004 295 1090 piacita,
311 1005 435 1089 'quibus
450 1001 548 1071 totins
564 1003 793 1092 disputationis
807 1015 1037 1090 argumentum
1055 1003 1257 1076 continetur,

167 1105 323 1194 deinceps
336 1107 415 1173 inda
432 1109 557 1195 possint
571 1107 727 1173 derivari.
759 1105 876 1192 Quare
890 1127 1011 1171 noman
1027 1102 1259 1171 constitutivo·

169 1227 244 1272 rom
261 1211 415 1278 tuterunt.
428 1193 644 1298 quippe'qdue
653 1228 787 1275 omnem
797 1208 1037 1298 expositionem
1046 1208 1259 1271 constituunt.

154 1303 250 1375 'Atia
267 1334 349 1376 vero
363 1313 403 1375 ad
420 1333 473 1376 eas
489 1311 676 1400 disciplinas
691 1308 903 1388 adhibentur,
925 1333 1009 1396 quaa
1020 1311 1092 1394 pius
1106 1311 1259 1375 minusve

171 1410 347 1479 historicas
373 1413 492 1478 indolis
517 1427 603 1479 sunt.
647 1417 777 1480 Harum
804 1413 893 1479 enim
917 1413 1096 1491 institutio,
1123 1429 1212 1499 'quae
1240 1433 1260 1476 a

139 1533 141 1540 ⁴
169 1513 340 1578 literarum
358 1516 579 1581 monumentis
593 1518 732 1605 petenda
745 1527 804 1591 est,
825 1539 956 1583 summo
968 1517 1112 1604 quodam
1126 1519 1261 1582 decreto

172 1629 351 1703 uoo'opus
381 1617 478 1682 babet
502 1617 568 1704 nisi
592 1617 668 1695 tuli,
703 1621 791 1705 quod
819 1618 1028 1705 singulorum
1059 1621 1261 1710 placitorum

171 1718 437 1784 coniunctionem
454 1731 549 1807 atque
557 1721 810 1789 adornationem
827 1721 1030 1796 moderetur,
1040 1724 1090 1787 ita
1104 1735 1139 1787 ut
1149 1724 1265 1790 omnia

172 1819 256 1885 bens
271 1821 358 1887 inter
370 1845 405 1886 se
420 1845 503 1889 nexa
517 1835 550 1890 ot
564 1824 725 1890 sdunum
740 1825 884 1912 aliquem
900 1821 1000 1888 tinum
1018 1825 1140 1890 directa
1158 1847 1266 1914 appa-

173 1933 278 1987 reant.
319 1923 491 1992 Eiusmodi
519 1925 702 2014 prdncipiu,
741 1928 818 2013 quia
847 1928 1036 2012 regularum
1058 1930 1165 1993 solum
1188 1930 1265 1995 vics

175 2021 379 2109 funguntur,
402 2028 586 2114 reguistiva
611 2031 718 2095 soient
738 2029 908 2120 appellari.
952 2029 1011 2092 Eis
1030 2041 1138 2096 autem
1162 2031 1265 2096 disci-

176 2127 293 2212 plinis,
324 2149 466 2214 quarum
496 2133 672 2219 posteriori
699 2133 773 2197 ioco
799 2133 923 2197 mentio
949 2131 1034 2198 fucta
1061 2145 1123 2210 est,
1158 2145 1264 2222 quiam
1371 2212 1379 2221 .

133 2245 135 2250 ’
178 2225 362 2315 dogmatica
378 2235 475 2299 etiam
493 2236 743 2301 adnumeranda
757 2238 807 2318 sit,
832 2236 1007 2320 dogmatici
1022 2236 1267 2326 principiorum
1357 2297 1366 2334 1,
1385 2292 1387 2309 ,

177 2333 439 2416 regulativorum
459 2357 519 2402 usu
535 2339 681 2404 contenti
698 2358 766 2403 esse
781 2351 1034 2406 consueverunt.

264 2434 392 2502 Varum
412 2440 501 2504 enim
523 2460 604 2505 vero
624 2441 687 2505 alia
703 2441 787 2506 ratio
802 2453 864 2520 est,
876 2407 993 2506 *sicubi
1011 2443 1051 2506 ad
1066 2440 1266 2526 ampliorem

131 2549 133 2556 ’
177 2535 449 2621 significationem
471 2567 610 2632 eumque
631 2543 760 2609 Latinis
786 2548 888 2633 magis
911 2547 1058 2612 usitatam
1081 2542 1271 2632 principio·

181 2659 257 2702 rum
273 2641 343 2706 vim
359 2643 559 2726 deduxeris,
572 2669 636 2734 qua
652 2672 719 2714 nou
733 2671 864 2718 summa
878 2651 1028 2729 decreta,
1049 2649 1106 2714 scd
1122 2665 1270 2711 summas

182 2759 293 2806 causas
307 2743 482 2814 denotants
510 2755 664 2836 qnoniam
679 2752 764 2817 sicut
777 2753 885 2818 omnis
908 2753 1080 2817 doctrinan
1097 2749 1271 2827 institutio,

182 2865 267 2928 quac
297 2845 437 2915 firmiter
466 2855 606 2920 stabilita
636 2865 668 2920 st
698 2855 782 2920 bene
816 2853 971 2943 disposita
999 2851 1186 2942 protertur,
1223 2850 1272 2914 ita
1380 2929 1384 2946 ι

181 2949 364 3038 dogmstica
379 2952 476 3021 etium
486 2955 670 3023 Christiana
684 2956 811 3023 duabus
827 2956 1009 3023 necessario
1025 2953 1273 3032 causis‘nititun

126 3073 128 3078 ·
182 3075 323 3137 quarum
348 3079 412 3124 una
433 3059 474 3123 ad
495 3073 728 3146 srgumentum
748 3071 888 3152 spectat,
919 3059 1021 3122 attera
1038 3055 1078 3121 ad
1096 3056 1274 3130 rationem,

184 3174 247 3246 qua
264 3159 346 3228 iitud
361 3153 565 3250 ‘explicatum
587 3163 643 3231 illa
658 3166 758 3250 igitur
775 3163 900 3228 fontem
912 3160 1067 3234 continet,
1090 3157 1180 3222 unda
1193 3153 1275 3220 uni·

183 3285 285 3332 versa,
307 3267 456 3332 doctrina
476 3267 661 3347 derivatur,
691 3265 771 3331 hacc
789 3284 954 3331 summam
978 3259 1141 3348 quandam
1162 3259 1275 3343 legem

184 3364 334 3446 exhibet,
356 3370 396 3434 ad
412 3391 512 3456 quam
525 3391 640 3436 omues
661 3367 830 3434 doctrinae
846 3378 954 3456 partes
969 3365 1162 3430 reseruntur
1175 3371 1277 3445 atquo

136 3493 139 3505 ‘
170 3485 442 3556 componuntur·
486 3471 528 3536 Et
543 3476 588 3538 ab
611 3471 663 3536 his
678 3472 814 3557 quidem
829 3467 933 3533 causis
948 3465 1057 3534 omnis
1071 3463 1160 3528 itlius
1174 3460 1278 3548 disci-

186 3569 298 3657 pliuae
313 3585 350 3658 ct
360 3575 542 3654 librorum,
564 3573 681 3659 quibus
702 3575 744 3639 dc
760 3595 798 3638 es
816 3571 1002 3647 disseritur,
1026 3567 1153 3632 utititas
1176 3575 1278 3648 atqua

185 3676 362 3742 auotoritas
390 3680 522 3767 pendet.
574 3676 735 3741 Subtilior
767 3676 856 3741 enim
885 3693 1000 3738 rerum
1030 3665 1280 3734 credendarum

187 3772 351 3858 institutio
367 3781 511 3868 pretium
526 3780 769 3864 efficaciamque
779 3786 923 3844 'antenus
938 3785 1065 3840 tautum
1080 3767 1281 3852 assequitur,

120 3863 123 3880 ’
151 3927 154 3934 .
186 3890 351 3962 quatenus
369 3905 390 3950 o
405 3882 491 3950 iusto
512 3883 605 3950 fonte
625 3883 765 3970 repetito
779 3892 811 3946 ct
828 3875 1064 3945 convenienter
1077 3870 1231 3958 exposita
1246 3879 1282 3933 st

188 3999 339 4050 connexa
355 3997 414 4054 cst.
456 3980 528 4048 Iam
549 4001 630 4054 vero
645 3986 702 4051 itta
716 3999 828 4060 causa,
841 4015 844 4020 ·
855 4001 940 4069 quas
961 3974 1150 4066 disputandi
1170 3982 1283 4038 mats·
