2740 4486
230 245 286 326 10

230 413 362 480 divinae
394 414 593 500 mejestatis
620 418 768 499 potentie
802 415 993 500 specialiter
1027 419 1231 502 exprimitur,

229 526 280 596 tio
296 524 374 614 oilli:
392 547 454 592 seu
470 527 823 612 ,snbteppeltauone
838 527 912 594 -nei
935 532 1099 612 sapientie
1116 534 1232 618 genito

217 644 456 729 significetur,
490 667 553 730 que
575 648 624 710 sio
644 660 761 714 cuncta
783 645 972 711 discernere
993 646 1107 728 velet,
1142 661 1176 714 ot
1188 652 1230 714 in

230 755 322 822 nullo
344 760 474 840 penitus
496 759 601 842 decipi
631 772 740 844 quent.
784 759 831 824 At
860 783 938 824 vero
962 759 1101 845 Spiritus
1123 766 1231 828 sancti

228 872 361 936 nomine
383 873 457 954 ipse
479 875 550 957 ejus
582 875 702 938 ceritas
733 873 787 939 vel
811 873 999 961 benignitas
1021 875 1062 939 eb
1085 878 1231 960 utrisque

229 984 411 1065 procedens
434 999 598 1066 censetor,
624 987 711 1070 qnod
732 986 863 1052 scilicet
885 1010 926 1052 eo
948 988 1045 1053 modo
1069 987 1140 1052 vult
1163 1011 1230 1053 nm»

49 1085 53 1096 ⁵
141 1089 143 1094 ’
229 1101 285 1164 nin
306 1103 500 1182 provenire,
532 1102 740 1185 quo-melius
764 1106 902 1186 possint.
922 1194 924 1202 J
947 1103 1023 1170 Nou
1047 1117 1098 1168 est
1119 1119 1229 1169 nutem

229 1215 394 1297 perlectus
411 1218 453 1280 in
476 1215 646 1296 omnibus,
680 1220 733 1300 qui
764 1219 799 1281 in
822 1217 932 1300 aliquo
954 1209 1116 1299 impotens
1137 1222 1231 1282 inve·

230 1331 413 1409 nitennec
434 1329 579 1412 perfecte
603 1329 718 1395 beatus
741 1343 810 1410 est,
848 1334 902 1414 qui
931 1332 965 1395 in
988 1330 1098 1414 aliquo
1120 1342 1231 1412 potest

216 1431 354 1526 decipi,
391 1465 452 1508 uec
478 1446 625 1526 penitus·
642 1443 803 1530 benignus
832 1456 902 1523 est,
938 1445 993 1528 qui
1016 1446 1136 1526 optime
1157 1443 1231 1508 fieri

231 1557 342 1620 omnia
364 1545 404 1620 uc
426 1557 553 1638 disponi
577 1556 745 1621 non‘vult.
791 1553 856 1622 Ubi
877 1579 958 1622 vero
973 1558 1056 1622 haec
1071 1561 1134 1622 tric
1152 1579 1230 1622 cou-

231 1670 379 1747 venient,
401 1682 437 1732 ιιι
458 1683 525 1734 tem
547 1665 835 1753 scil-loetpotentie
849 1691 946 1753 quum
960 1673 1121 1753 sapientia
1135 1693 1230 1754 quem

227 1779 320 1845 leone
340 1781 510 1846 voluntate
535 1785 579 1847 sit
605 1784 791 1865 perfectus,
814 1783 906 1848 nihil
937 1783 1016 1847 boni
1045 1795 1113 1863 est,
1144 1784 1231 1866 quod

228 1897 307 1980 ejus
329 1896 524 1979 plenitudini
547 1898 644 1962 desit.
690 1897 775 1962 Tele
800 1911 852 1963 est
874 1921 953 1985 ergo
977 1897 1083 1963 Deum
1105 1912 1231 1982 petrem

110 2083 120 2092 p
234 2008 399 2075 stc-lilium
420 2031 473 2074 uc
495 1989 647 2091 spilitum
674 2025 822 2076 sunctum
854 2033 915 2076 nos
941 2012 1109 2095 profiteri,
1142 2013 1232 2074 aest

228 2123 351 2203 ipsum,
373 2135 408 2188 ιιι
422 2123 961 2203 'dictum-··cst=,.,summum-bonurtr
976 2147 1077 2202 esse,
1100 2125 1231 2206 praedi·

234 2249 364 2314 cemus,
402 2237 455 2300 eni
483 2215 834 2322 tamqnombonorum
866 2239 1232 2321 omniumrplenitudini

194 2349 195 2354 ’
228 2347 336 2413 ⁴nichil
365 2350 463 2414 desit.
508 2348 584 2416 ¹Nec
606 2351 726 2416 ¹solnm
758 2351 840 2416 haec
875 2347 1031 2415 trinitatis
1064 2352 1232 2416 distinctio

234 2463 277 2526 ud
304 2464 420 2527 summi
448 2463 525 2528 boni
558 2465 797 2547 perfectionem
821 2477 857 2528 ιιι
886 2465 1006 2530 dictum
1036 2477 1087 2530 est
1109 2465 1233 2530 descri-

234 2575 374 2640 bendum
397 2580 561 2664 convenit,
585 2599 696 2642 verum
719 2581 819 2643 etiem
841 2579 883 2642 ed
900 2579 1159 2662 persuadendam
1174 2577 1232 2641 ho·

234 2688 376 2755 minibus
407 2691 509 2756 divini
532 2689 638 2755 cultus
660 2693 915 2773 perfectionem,
948 2698 997 2770 (ut
1024 2691 1235 2776 religionem)

233 2801 407 2886 plurimum
430 2803 571 2886 proficit,
595 2816 631 2868 ιιι
654 2803 695 2868 ob
720 2803 781 2868 hoc
803 2807 977 2887 praecipue
998 2807 1071 2886 ipse
1093 2803 1159 2868 Dei
1180 2825 1234 2867 se-

229 2920 358 3002 ·pientie
386 2921 558 2998 incernatur
586 2917 621 2981 in
649 2918 892 3000 praedieatione
924 2939 984 2980 sne
1007 2938 1047 2982 eu
1066 2929 1155 2980 recte
1177 2915 1234 2979 de-

236 3035 396 3096 crevisset
425 3051 605 3095 assumere.
661 3029 739 3096 Duo
771 3035 889 3114 qnippe
920 3043 1026 3107 sunt,
1053 3050 1137 3112 quoe
1173 3049 1234 3092 nos

228 3145 368 3208 'omniuo
391 3146 521 3230 domipo
546 3139 715 3228 subjectos
739 3121 904 3207 elficiuntt
936 3141 1051 3244 Timor
1081 3139 1235 3204 videlicet

235 3270 333 3341 utque
364 3279 467 3325 emor.
491 3246 675 3328 'cosdroa
707 3257 865 3341 siqnidem
897 3267 931 3320 et
968 3258 1134 3337 supientia
1166 3275 1235 3320 mu·

189 3437 193 3445 ,
235 3375 325 3439 rtime
347 3376 497 3436 timorem
518 3367 690 3449 incutiunt,
713 3393 785 3434 cnm
808 3391 881 3435 eum
900 3369 1045 3453 judicem
1062 3390 1137 3433 esse
1160 3387 1237 3432 sen·

228 3487 335 3551 timus
355 3489 499 3570 'ethuee
522 3484 665 3552 voluerit
696 3487 804 3548 omnic
833 3501 931 3566 posse
961 3484 1074 3564 punire
1103 3482 1237 3556 scimus,

228 3605 273 3664 iet
288 3596 380 3664 mihil
410 3616 484 3664 eum
513 3597 619 3662 lutere
649 3591 890 3684 cognoscimus.
933 3593 1126 3680 Benignitos
1157 3611 1238 3656 vero

229 3705 287 3778 u'd
302 3723 446 3780 amorem
466 3716 627 3795 pertinet,
641 3724 705 3791 ut,
727 3733 823 3796 quem
845 3709 1114 3806 benignissimum
1136 3705 1239 3771 hehe·

238 3847 331 3907 mus,
367 3828 572 3912 potissimum
599 3820 792 3912 diligemus,
828 3845 871 3890 ex
901 3832 965 3908 qno
987 3824 1088 3887 etium
1110 3819 1240 3884 adverti

230 3919 348 4026 potest
370 3961 442 4010 eum
464 3941 499 4006 in
520 3941 643 4024 pietate
665 3937 783 4005 uloirci
804 3935 906 4016 velle,
929 3927 1006 4021 quis
1026 3953 1092 4020 quo
1110 3933 1184 4017 plor
1207 3931 1240 3995 ei
