2740 4486
255 238 308 329 id

198 425 202 434 ·
252 407 381 484 ‚scilieet
408 412 692 478 commemorando
722 415 922 497 potentiam,
958 429 1022 501 qua
1059 427 1175 499 potens
1204 430 1258 484 est

195 513 197 518 ’
251 521 407 603 efficere,
429 526 517 609 quod
536 537 691 614 rogatur,
713 537 748 590 ut
770 548 843 592 cum
865 528 1001 594 diciturr
1023 539 1120 613 pater
1142 541 1257 596 sancte

252 656 351 700 serva
372 658 450 717 eos,
480 651 576 720 pater
596 641 631 704 in
654 661 770 706 menos
792 651 867 712 tuas
890 641 1083 706 commendo
1105 621 1257 736 spiritum

250 771 358 820 meum
382 764 415 815 ct
437 751 569 828 similia,
592 754 732 836 quoeud
755 754 936 819 orationem
947 757 1135 841 pertinent..
1158 754 1255 829 Quot

251 862 360 930 adbuc
386 887 465 930 usus
494 865 657 944 ccclesiae
687 865 789 940 habet
810 867 844 930 in
866 865 935 930 illis
957 866 1157 949 specialibus
1180 889 1255 932 ora·

250 961 409 1058 tionibus,
433 981 572 1064 quaein
595 979 872 1046 celebrationibus
895 982 1067 1046 missorum
1090 983 1131 1046 sd
1146 980 1255 1047 altaro

249 1093 346 1176 firtot,
367 1117 451 1178 quoe
474 1095 605 1160 scilicet
627 1094 669 1160 sd
699 1094 806 1160 solum
834 1107 959 1178 putrem
980 1093 1182 1160 locutionem
1204 1079 1253 1162 dl,

248 1209 372 1294 rigant.
416 1205 473 1272 Sic
502 1209 551 1272 sit
573 1205 765 1290 apostolos,
797 1207 965 1275 Christum
987 1212 1252 1276 resurrexisses

249 1320 389 1402 mortuis
409 1342 468 1403 per
489 1322 629 1408 gratiam
651 1323 764 1404 patris,
786 1322 820 1387 id
843 1333 893 1384 est
914 1315 1147 1403 per'virtutem
1171 1323 1252 1386 divi·

250 1453 315 1503 use
335 1435 504 1516 potentiae
525 1433 580 1498 vel
602 1446 727 1516 patrem
749 1455 770 1498 a
792 1437 928 1498 mortuis
951 1433 1055 1500 filiurn
1073 1437 1252 1500 suscitasse
1292 1415 1293 1418 Ἴ

249 1546 306 1612 vel
343 1547 581 1613 vivificaturum
611 1567 686 1614 csse
724 1535 860 1632 corpora
890 1560 1023 1628 nostra,
1059 1549 1115 1615 vel
1144 1549 1251 1614 filium

248 1662 396 1743 spiritum
419 1662 568 1739 misisse,
601 1660 657 1725 vel
678 1663 709 1726 ei
731 1655 834 1726 lilium
858 1660 1024 1727 obedisse.
1071 1661 1171 1740 Cum,
1199 1665 1250 1726 in·

175 1809 178 1818 v
247 1797 364 1859 quam,
398 1772 479 1838 talia
502 1775 600 1852 dicit,
630 1777 725 1858 quasi
746 1777 876 1858 proprio
899 1787 932 1838 et
953 1773 1146 1856 specialiter
1166 1777 1250 1858 patri

247 1886 417 1966 attribuit,
446 1909 531 1972 quac
561 1887 603 1952 ad
625 1891 807 1970 potentlam
828 1891 994 1970 pertinere
1015 1889 1183 1969 videntur,
1213 1902 1249 1954 ut

248 1996 476 2092 hincvquoquc
498 1983 672 2064 videantur
695 2022 755 2080 ea,
790 2023 874 2084 quae
896 2002 1064 2084 potentiae
1085 2013 1178 2080 sunt,
1207 2003 1249 2067 ad

246 2133 422 2196 personum
444 2115 559 2194 patris,
577 2117 676 2198 juxta
689 2117 775 2198 ejus,
797 2126 833 2178 ut
846 2115 965 2180 dietum
979 2124 1040 2193 est,
1067 2115 1247 2196 proprieta-

248 2235 313 2292 tem
326 2247 400 2289 esse
414 2224 655 2306 adscribenda,
666 2225 831 2291 sicutfilio
847 2223 900 2306 ea,
924 2247 1007 2310 quae
1026 2226 1068 2290 sd
1083 2227 1247 2290 rationem

245 2337 301 2403 vel
320 2340 517 2421 sapientiam
538 2341 721 2421 pertinent,
758 2327 918 2419 sicut‘est
947 2339 1121 2422 judicare,
1160 2338 1246 2422 quod

244 2450 452 2515 discretionis
476 2462 538 2516 est.
584 2449 675 2514 Sicut
697 2453 935 2532 scriptumest,
959 2461 1053 2534 pater
1076 2471 1172 2515 omne
1191 2451 1245 2534 ju·

201 2576 208 2597 “
244 2567 364 2638 dicium
386 2567 477 2632 dedit
498 2566 586 2646 filio,·
604 2549 854 2650 puio-‘potentia
876 2567 1059 2648 sapientise
1073 2567 1107 2630 in
1123 2566 1246 2630 discre-

242 2673 470 2744 tibrr'o'¹cbtlit.¹
488 2677 576 2744 wai
604 2680 761 2764 ‘aequitas
779 2682 898 2766 magis
933 2689 985 2742 est
1015 2663 1245 2770 errantinanda,

244 2794 394 2877 quamvis
424 2804 455 2856 et
484 2795 633 2875 potentia
665 2793 863 2858 exercenda.
907 2790 1005 2868 Qu'od
1034 2779 1146 2858 'saleio
1169 2779 1246 2857 sub-

212 2975 215 2984 ,
243 2907 388 2989 ponitur,
410 2907 488 2991 quio
510 2905 599 2984 filius
622 2903 774 2985 bominis,
799 2927 924 2990 exque
945 2907 1089 2970 divinum
1104 2907 1247 2970 maximo
1318 2886 1325 2894 ¹

243 3020 389 3103 pendeat
419 3019 603 3102 judicium,
629 3019 815 3085 declaratur
847 3019 1024 3084 secundum
1053 3019 1139 3103 quod
1174 3017 1246 3100 ipse

243 3131 334 3198 filius
356 3143 558 3218 protestatus
592 3145 654 3196 est.
699 3133 737 3197 Si
768 3153 833 3196 non
862 3136 1028 3197 venissem
1059 3143 1092 3195 et
1115 3131 1247 3195 locutus
1365 3115 1366 3146 ³

244 3248 293 3310 eis
316 3245 463 3324 fuissem,
485 3256 728 3328 peccatnmnou
752 3243 924 3325 baberent,
949 3266 1034 3307 nunc
1051 3255 1158 3308 nutem
1175 3240 1247 3307 nul·
1365 3225 1366 3232 ἵ

244 3357 313 3424 lam
334 3359 584 3424 excusationem
606 3355 730 3422 habent
753 3357 793 3421 de
816 3367 951 3440 peccato
975 3377 1054 3434 suo,
1083 3375 1123 3419 ac
1146 3357 1174 3420 si
1198 3355 1248 3418 di·
1364 3361 1366 3402 f

245 3483 349 3550 catur,
372 3491 416 3534 ex
439 3467 502 3533 boc
516 3471 693 3534 maximam
706 3472 824 3552 impios
838 3468 1144 3533 condemnationem
1152 3469 1249 3553 juste
1364 3445 1365 3472 l

245 3585 424 3663 incurrere,
446 3582 523 3667 quia
545 3594 637 3646 tuoto
660 3581 823 3648 beneflcio
845 3583 968 3668 ingrati
987 3594 1020 3645 et
1035 3580 1251 3646 inexcusabi-

226 3693 297 3765 'ler
318 3695 510 3775 extiterunt,
531 3697 668 3760 missum
690 3697 791 3760 etiarn
812 3717 833 3760 o
853 3706 947 3778 potrc
969 3693 1074 3761 filium
1088 3681 1255 3777 respuen}
1362 3737 1364 3790 7

228 3820 310 3887 ,tea
353 3805 406 3872 Ad
435 3804 498 3872 boc
529 3809 628 3872 etism
658 3805 719 3872 ills
750 3808 921 3890 inscriptio
942 3807 1062 3890 psalmi
1092 3810 1251 3892 pertinet,

244 3941 304 4006 pro
326 3917 463 3986 occultis
484 3917 547 3986 lilii
568 3919 696 3986 scilicet
721 3920 877 4006 judiciis,
910 3919 951 3986 dc
984 3919 1102 4004 quibus
1124 3920 1249 3986 dictum
