2774 4486
353 1071 903 1166 Annetatiunealee.
971 1143 975 1152 .

525 1395 732 1414 ..nunaunt—n·

145 1716 180 1794 1)·
199 1711 248 1793 (ad
266 1731 295 1789 p.
313 1713 371 1793 12.)
388 1715 562 1773 introductio
578 1715 607 1772 in
625 1708 728 1773 Theoi.
740 1717 824 1790 legite
841 1712 1028 1787 ratiocinatio,
1045 1709 1134 1792 dopo?

409 1831 546 1886 quoque
563 1821 598 1871 et
615 1816 753 1884 oratio,
771 1809 807 1871 n'e
824 1818 886 1886 qais
908 1807 968 1871 ete.

145 1911 174 1986 2)
199 1912 295 1986 (adp.
313 1909 369 1986 20.)
388 1913 527 1984 Legenda
547 1911 804 1984 Philosophos·.
824 1905 877 1968 cir.
896 1927 921 1967 e.
939 1913 993 1968 xi.
1046 1911 1048 1917 ⁸

23 1995 39 2065 ¹,
145 2009 174 2083 3)
199 2010 248 2084 (ad
266 2027 294 2082 p,
312 2007 370 2084 21.)
388 2011 511 2065 intend:
538 2010 567 2094 id
592 2017 637 2066 est
654 2012 746 2079 filius,
771 2008 881 2066 simini
904 2008 1133 2084 et‘patentet'

407 2109 573 2162 insinuatur.

145 2209 177 2279 4)
201 2205 264 2284 (ib.)
282 2208 369 2280 Legm
387 2223 440 2263 nee
456 2224 526 2263 non
543 2213 572 2262 et
588 2207 647 2263 iila.

146 2305 176 2380 5)
203 2306 252 2380 (ad
269 2324 298 2378 p.
316 2305 375 2380 22.)
393 2306 430 2361 1..
447 2307 613 2362 tradidit.

146 2404 176 2478 0)
200 2404 294 2478 (adp.
312 2404 370 2481 22.)
390 2406 510 2461 lamed:
542 2405 728 2461 Praeteritum
753 2406 856 2476 quasi
880 2419 932 2476 pro
957 2404 1130 2476 perfectione

408 2505 513 2576 posuit.

147 2590 177 2671 2)
201 2599 250 2673 (ad
267 2618 295 2672 p.
313 2600 371 2674 25.)
392 2603 515 2660 Introd:
534 2604 766 2674 omnipotentiam
780 2604 869 2672 ipsam
886 2603 927 2657 nil
945 2602 1059 2657 efficere
1077 2601 1130 2655 nisi

409 2706 561 2771 praeeunte
579 2702 689 2755 ratione
707 2705 737 2754 et
754 2700 859 2754 ducatu
877 2700 1041 2771 sapientiae.

147 2791 177 2868 8)
203 2793 251 2867 (ed
268 2811 297 2867 p.
315 2796 373 2865 el.)
391 2797 513 2850 intrem:
543 2781 709 2867 praesertim
734 2813 797 2851 cum
823 2813 904 2860 neme
921 2798 993 2851 nisi
1011 2812 1073 2868 per
1089 2811 1131 2852 ea

86 2957 88 2962 ,
412 2909 505 2961 quae
521 2895 673 2962 recipit,
692 2895 850 2964 arguendus
869 2895 916 2948 sit.

148 2986 178 3062 0)
204 2986 253 3062 (ad
269 3006 297 3061 p.
315 2986 372 3062 03.)
391 2989 480 3043 Deest
496 2990 579 3058 apod.
598 2989 712 3060 sappi:
731 2990 823 3046 Deum
839 2992 996 3046 laudamus.

133 3087 178 3161 10)
203 3087 251 3161 (ad
269 3104 298 3159 p.
316 3087 374 3157 35.)
391 3088 462 3142 fors.
481 3087 551 3158 leg.=
568 3087 695 3142 altum?
712 3094 762 3141 aut
779 3105 803 3142 s.
822 3103 849 3158 q.

132 3183 178 3258 11)
202 3187 251 3258 (αο
269 3203 297 3258 p.
314 3183 373 3258 40.)
391 3186 413 3238 1.
431 3186 468 3240 l.=
486 3184 611 3239 debuit
630 3200 821 3240 exercere.

130 3282 178 3357 12)
204 3284 253 3358 (ad
270 3302 299 3357 p.
315 3281 374 3356 41.)
392 3284 414 3338 1.
433 3284 469 3338 L:
488 3282 611 3353 quarti
630 3298 708 3336 eone.

96 3394 99 3405 “
130 3379 178 3456 11)
203 3379 253 3456 (ad
269 3400 297 3454 p.
314 3380 373 3455 44.)
389 3383 412 3437 1.
430 3383 466 3438 i:
486 3382 666 3453 quomodo
685 3380 859 3436 secundario.

129 3478 177 3552 14)
201 3480 251 3552 (ad
268 3498 297 3553 p.
314 3478 371 3554 50.)
389 3479 412 3534 1.
430 3482 466 3536 l.=
484 3483 566 3536 es'se
584 3496 698 3552 eorpus.
749 3521 755 3536 .

129 3576 178 3651 15)
202 3577 251 3654 (ad
268 3596 296 3651 p.
314 3577 372 3654 52.)
390 3590 456 3653 post
471 3582 543 3638 bene
559 3581 742 3652 supplendum
760 3579 886 3634 videtur:
904 3587 1095 3652 reguntur.

124 3675 179 3746 ’10)
203 3675 266 3748 (ib.)
284 3677 307 3731 1.
325 3678 361 3734 l.:
380 3679 523 3749 aliquid
541 3695 616 3734 esse.
750 3747 751 3755 ἵ

130 3771 177 3847 12)
203 3771 252 3847 (ad
268 3792 297 3846 p.
314 3774 372 3844 54.)
391 3777 414 3830 1.
432 3777 468 3831 l.=
486 3793 528 3832 aa
544 3778 634 3834 Deus.

131 3873 182 3942 18)
202 3871 252 3945 (ed
271 3889 299 3944 p.
317 3871 375 3947 55.)
393 3880 459 3945 post
476 3875 559 3930 aliter
574 3876 684 3947 sappi:
704 3875 871 3930 fecisset.

79 4017 81 4028 .
132 3969 179 4040 10)
205 3972 253 4041 (ad
270 3988 298 4042 p.
316 3969 373 4044 52.)
392 3972 413 4028 1.
432 3972 467 4028 1.ι
486 3971 578 4032 haee
598 3974 748 4044 excipiunt.
