2806 4492
53 94 403 220 »ιιι

112 309 115 316 ’
160 369 165 379 .
239 235 351 422 Ipsum
371 310 489 386 audite.
507 309 650 404 Legem
667 309 779 408 Moysi
801 309 889 381 venit
896 309 1055 410 implere,
1077 337 1147 384 non
1170 313 1244 384 sol·

149 491 155 498 .
220 451 324 498 lvere.
363 426 475 520 lpsnm
498 422 618 492 audite
654 422 725 492 Lex
746 423 877 519 quidem
900 423 1103 494 annuncians
1127 441 1159 496 et
1180 425 1236 494 de·

29 533 35 542 ’
132 561 135 572 ’
241 553 427 608 monstrans
456 533 646 627 languorem
674 561 734 629 per
761 535 902 629 Moysen
932 536 1007 604 data
1037 553 1101 620 est,
1135 537 1238 629 gratia
1297 559 1301 574 ·

242 665 350 718 autem
380 663 412 717 et
432 647 549 716 veritas
577 645 716 716 eundem
739 663 859 716 sanans
883 647 1074 740 languorem
1102 674 1161 742 per
1181 649 1237 717 Je-
1318 639 1324 654 “
1391 705 1395 734 ,

242 785 315 830 sum
343 757 508 827 Christum
530 758 622 827 'lacta
652 773 712 828 est.
759 746 872 852 Ipsum
894 751 1019 831 audite.
1068 758 1238 828 Summum

240 861 430 942 honom'se
453 870 663 964 sequentihus
692 885 725 940 et
753 870 814 939 sibi
837 871 1063 966 obedientibus
1089 871 1238 966 promisit
1337 943 1342 950 ,

13 977 20 988 ’
84 983 87 990 ’
131 1033 138 1044 ι
241 985 274 1053 in
296 983 458 1078 praemio,
487 996 615 1050 caetera
636 982 725 1050 bona
747 973 899 1055 inferiore
930 984 1052 1054 eisdem
1064 982 1240 1111 concessit
1309 1052 1315 1065 ,

162 1091 165 1100 ’
193 1121 194 1126 ’
241 1096 285 1165 ad
307 1092 508 1163 utilitatem
498 1109 544 1162 eta
566 1110 602 1162 nt
620 1093 731 1163 omnia
754 1110 971 1188 cooperentur
994 1095 1040 1164 eis
1061 1095 1238 1165 iubenum

210 1227 300 1302 ‘per
328 1205 451 1276 bonurn
474 1211 591 1290 usum,
615 1217 683 1308 quo
710 1229 779 1274 nou
808 1204 914 1276 solum
942 1207 1037 1276 bonis
1067 1234 1177 1287 verum
1206 1221 1239 1276 et

241 1317 334 1387 malis
358 1316 404 1385 uti
408 1306 603 1386 docentur
594 1343 628 1384 ιιι
644 1317 776 1401 honum,
799 1318 827 1386 si
845 1332 954 1387 tamen
972 1319 1131 1388 audiant
1121 1327 1237 1416 rps‘unr.

187 1415 364 1526 Ergo
354 1452 463 1522 ipsum
487 1417 613 1496 audite!
643 1428 764 1523 sitque
761 1428 866 1498 nobis
889 1429 1080 1528 anathema,
1103 1425 1237 1526 quicun·
1248 1489 1251 1498 .
1328 1449 1335 1461 ²

126 1527 129 1546 ι
196 1569 199 1579 ·
243 1566 307 1637 qne
329 1539 417 1608 aliud
442 1538 550 1624 docet,
572 1563 671 1632 quam
693 1538 782 1635 quod
801 1539 900 1612 habet
920 1543 1053 1613 verbum
1071 1543 1237 1612 doctrinae
1312 1545 1318 1589 ·'
1348 1595 1354 1636 ,¹
1383 1541 1395 1616 j

194 1733 201 1743 ι
242 1653 345 1748 ipsius
370 1649 592 1743 evangelicae,
614 1649 713 1744 plena
736 1667 768 1720 et
790 1651 932 1736 veritate,
955 1654 1057 1745 gratia
1081 1655 1236 1724 excitante

168 1775 171 1784 ¹
243 1787 282 1834 ao
303 1763 478 1832 roborante
504 1761 733 1847 voluntatem:
749 1763 880 1833 veritate
909 1763 1111 1838 illuminante
1139 1769 1236 1836 ratio-

244 1901 333 1963 nem,
355 1874 458 1967 gratia
480 1869 678 1943 voluntatem
699 1873 928 1968 praeveniente
950 1900 989 1946 ac
1009 1876 1238 1975 subsequente,

77 1959 87 1974 ⁹
130 2017 158 2088 x·
196 2081 201 2086 ἢ
244 1986 377 2056 veritate
391 1985 550 2055 rationem
571 1982 728 2077 dirigente
750 1999 848 2080 atque
872 1985 1041 2058 ducente
1031 2015 1064 2058 m
1079 1993 1163 2060 viam
1181 2017 1238 2086 pa·

246 2096 304 2177 cis,
327 2097 371 2168 ad
392 2096 551 2207 patriam
550 2096 632 2166 lucis
656 2113 817 2198 aeternae,
839 2096 874 2166 in
896 2124 960 2194 qua
983 2101 1061 2172 dare
1083 2102 1241 2173 videbitur

243 2225 276 2280 et
298 2210 479 2303 gustabitur
499 2233 663 2280 summum
682 2207 825 2292 tonum,
848 2211 938 2304 quod
962 2229 1012 2282 est
1032 2230 1124 2308 pater
1150 2217 1238 2286 etli-

207 2345 211 2354 ’
241 2321 299 2390 ius
329 2338 364 2390 et
390 2320 521 2415 spiritns
545 2335 695 2402 sanctos,
725 2319 806 2388 deus
835 2347 920 2392 nnus
951 2347 991 2395 ac
1015 2325 1128 2401 trinus
1171 2328 1237 2422 Ipsi

187 2461 192 2476 ··
243 2431 407 2525 gloriam
429 2429 562 2502 saecula
583 2429 799 2502 saeculorum.
841 2436 959 2510 Amen.
986 2445 1017 2527 ¹)

167 2705 170 2713 ¹
219 2723 221 2727 ·
264 2691 297 2762 l)
314 2689 358 2746 De
372 2688 515 2768 appendice
526 2688 575 2746 liae
586 2703 659 2752 recte
670 2705 759 2754 monet
769 2693 922 2754 Denisinsl.
936 2715 971 2754 c·
988 2693 1101 2754 ‘Videtur
1110 2705 1166 2754 tota
1176 2695 1241 2756 leaeo

201 2791 204 2801 ’
315 2775 461 2832 ubertatio
478 2775 581 2854 oblique
599 2783 675 2838 crisie
696 2785 724 2840 in
740 2782 879 2841 Aheelerdi
895 2783 1095 2886 praecedentem
1112 2785 1241 2890 dialogum
1262 2779 1269 2800 ‘

150 2879 160 2906 ¹·
235 2862 237 2866 ’
316 2872 345 2920 et
361 2861 482 2938 discipuli
498 2869 677 2946 praemunitio
713 2869 854 2946 Postquam
872 2872 941 2926 enim
961 2887 995 2928 ex
1010 2870 1147 2946 Augustini
1163 2873 1240 2950 opie-
1294 2873 1310 2916 ¹,
1372 2893 1376 2902 Δ

318 2947 376 3008 culo
394 2947 541 3020 desummo
557 2939 627 3008 bono
644 2954 723 3012 multa
737 2967 885 3036 opportune
901 2955 1012 3014 adducto
1022 2957 1138 3028 inissent,
1153 2957 1242 3016 subdit
1281 2972 1284 2980 ’

84 3029 86 3043 '
157 3096 160 3104 ⁸
251 3053 255 3057 ·
318 3035 478 3110 magister
461 3059 611 3112 ανωνυμος.
646 3037 726 3098 Tales
748 3042 866 3116 audiant,
895 3044 940 3119 qui
967 3063 1021 3100 non
1043 3066 1058 3100 e
1080 3043 1242 3122 philosophis
1309 3111 1317 3124 ο

318 3131 383 3188 etc.;
401 3131 428 3178 et
445 3121 569 3202 deinceps
585 3123 674 3184 multis
689 3113 836 3208 scripturae
852 3127 919 3186 locis
935 3139 997 3208 epte
1013 3149 1085 3200 usna,
1101 3129 1242 3200 concludit,

8 3293 11 3302 .
231 3243 235 3250 ,
319 3227 382 3283 ergo
399 3209 485 3286 ipsum
502 3210 589 3271 audite
606 3222 657 3270 etc'.

647 3449 847 3472 ⁸⁸⁸*—
