2798 4486
1112 247 1160 322 13

98 444 103 456 ·
155 412 313 489 videmini
333 411 435 486 multa
457 427 490 484 et
511 435 631 509 magna
653 435 868 512 quaecunque
889 413 1070 490 intentione
1087 441 1160 488 sns-¹
1220 502 1228 522 ,

156 528 250 598 tinet.
288 523 363 598 *Sed
384 526 558 624 plurimum
579 525 693 612 refert,
714 531 822 598 tunm
845 530 927 603 haec
949 529 1086 604 intentio
1108 556 1160 604 re*

159 657 214 712 cta
240 639 283 710 sit
310 665 354 710 an
383 663 530 714 erronea.
590 637 689 711 Nulla
716 641 836 738 quippe
864 659 915 714 est
947 645 1024 716 fidei
1059 660 1159 725 secta,

160 776 243 850 quae
271 777 309 824 se
337 751 412 824 Deo
442 750 591 822 famulari
624 777 694 826 nou
727 753 855 840 credat,
888 772 922 828 et
955 781 995 828 ea
1027 769 1163 854 propter'

157 865 267 959 ipsum
301 891 370 960 non
405 879 573 960 operetur,
606 887 690 960 quae
723 865 786 935 sibi
819 866 950 962 placere
980 869 1160 940 arbitratur.
1250 868 1252 876 ’

157 975 237 1049 Non
259 993 370 1050 tamen
390 976 466 1048 ideo
490 991 598 1048 sectas
627 975 772 1047 omnium
795 979 1000 1074 approbatis,
1028 978 1085 1077 qui
1106 1006 1161 1053 so-

157 1090 225 1160 lam
262 1105 401 1161 vestram
435 1087 611 1160 defendere
646 1105 703 1159 aut
734 1087 834 1185 longe
871 1091 988 1162 ceteris
1021 1092 1164 1166 nitimini

157 1201 333 1298 praeferre.
378 1199 482 1292 Quod
510 1215 621 1272 tamen
648 1218 805 1298 quantum
832 1203 1006 1274 aratione
1032 1204 1161 1276 sitdis·

44 1368 49 1372 -
158 1339 281 1386 sonum
307 1312 383 1385 volo
411 1328 444 1384 te
472 1313 674 1409 perpendere
704 1327 738 1384 et
762 1313 836 1410 ipso
871 1342 1002 1414 quoque
1038 1317 1163 1416 scripto*
1251 1323 1252 1331 ’

157 1427 259 1522 legis,
282 1452 379 1521 quarn
401 1425 562 1520 sequeris,
585 1444 744 1524 arguere.¹

248 1538 272 1607 J
277 1539 442 1609 udaeus.
487 1535 531 1608 Et
552 1539 616 1609 hoc
640 1563 702 1632 ego
725 1537 863 1611 libenter
885 1539 1041 1639 suscipio.

179 1663 181 1670 ’
247 1649 403 1722 Philus.
449 1648 590 1721 Constat
617 1666 692 1722 ante
720 1651 827 1748 ipsam
848 1652 931 1748 legis
954 1654 1163 1728 traditionem

158 1763 211 1834 vel
234 1779 511 1846 sacramentorum
533 1761 686 1857 legalium
700 1766 957 1863 observationes
986 1765 1162 1864 plerosque

158 1876 239 1970 lege
261 1875 398 1946 naturali
419 1891 606 1961 contentos,
636 1901 720 1972 quae
748 1877 899 1949 videlicet
931 1877 1162 1950 in'dilectione

162 1989 217 2058 dei
245 1987 405 2072 consistit,
434 2001 467 2058 et
488 1986 625 2082 proximi
649 1988 986 2082 justitiameoluisse,
1014 2007 1047 2061 et
1069 2015 1162 2062 acce·

117 2129 120 2135 ·
158 2099 325 2196 ptissimos
349 2099 413 2169 deo
436 2099 613 2185 exstitisse,
635 2085 748 2194 utpote
771 2099 871 2185 Abel,
894 2100 1053 2186 Henoch,
1076 2100 1162 2190 Noe,

159 2230 193 2283 et
214 2211 299 2283 filios
322 2213 407 2306 ejus,
430 2203 598 2282 Abraham
620 2237 770 2308 quoque,
789 2211 879 2284 Loth
902 2230 1000 2308 atque
1022 2213 1162 2284 Melchi-

159 2324 300 2410 sedech,
328 2349 411 2420 quos
435 2323 485 2393 lex
508 2323 604 2401 etiarn
626 2339 734 2394 vestra
756 2342 1006 2411 commemorat,
1033 2342 1067 2396 et
1090 2326 1162 2422 plu·
1241 2395 1243 2400 ,
1360 2329 1362 2332 ’

156 2429 276 2506 fimum
292 2437 510 2508 commendat.
547 2434 699 2527 Quorum
722 2436 1011 2532 quidem'Heuoch
1033 2437 1070 2511 irt
1090 2456 1162 2510 tan·

157 2549 315 2625 tumzdeo
338 2549 499 2646 placuisse
527 2548 679 2640 refertur,
712 2565 750 2619 ut
775 2575 851 2620 eum
874 2549 1025 2620 dominus
1054 2551 1162 2622 vivum

157 2662 194 2732 in
221 2660 409 2756 paradisum
431 2661 586 2732 intulisse
616 2662 756 2740 dicatur,
787 2661 871 2733 sicut
901 2673 943 2732 et'
960 2662 1094 2759 quidam
1122 2687 1163 2733 ex
1229 2723 1232 2728 .

60 2830 65 2838 .
159 2775 252 2846 vobis
275 2767 326 2844 his
353 2773 466 2844 astruit
493 2773 599 2844 verbis
622 2781 671 2864 ¹):
693 2780 694 2784 ’
714 2773 858 2845 Henuch
885 2774 1009 2869 placuit
1038 2775 1102 2846 deo
1129 2791 1163 2846 et

158 2885 335 2957 translatus
367 2902 417 2956 est
443 2885 488 2956 in⁴¹
505 2885 707 2982 paradisum,
734 2901 771 2956 nt
798 2887 855 2957 det
876 2887 1025 2982 gentibus
1047 2887 1164 2982 poeni-¹
1190 2954 1193 2964 ,
1249 2919 1251 2924 ·

159 2999 308 3069 tentiam.
346 2997 413 3068 Sed
432 3013 465 3068 et
478 2995 564 3083 Noe,
581 3013 619 3067 ut
636 2985 791 3093 scriptum
807 3014 859 3068 est
872 3009 904 3088 ²)
921 3000 1024 3070 virum
1039 3002 1161 3092 justum

158 3127 257 3207 atque
279 3109 461 3204 perfectum
488 3110 522 3179 in
545 3110 809 3203 generationibus
831 3110 911 3194 suis,
935 3125 1091 3205 quantum
1114 3109 1161 3180 di·

158 3221 272 3292 lexerit
290 3220 443 3300 dominus
463 3221 643 3293 manifestis
662 3229 710 3312 (6.
721 3221 782 3312 V.)
803 3222 943 3292 exhibuit
960 3221 1066 3307 lactis,
1087 3249 1162 3292 cum

158 3333 311 3404 videlieet
338 3334 497 3405 universis
527 3335 598 3406 aliis
628 3335 748 3404 diluvio
777 3334 955 3404 submersis
978 3333 1086 3430 ipsum
1108 3361 1162 3405 so·

158 3445 228 3513 lum
256 3460 289 3514 et
318 3444 453 3515 domurn
478 3448 547 3540 ejus
570 3473 630 3543 pro
653 3446 786 3517 humani
810 3448 937 3540 generis
961 3448 1087 3517 semine
1110 3471 1166 3517 re··

158 3556 310 3626 servavit.
353 3557 415 3642 His
444 3585 575 3655 quoque
603 3558 749 3653 insignes
776 3559 851 3630 illos
878 3558 1079 3656 patriarchas
1107 3587 1163 3630 ve·

158 3683 246 3737 atros
270 3667 422 3764 adjunge,
441 3671 611 3743 Abraham
632 3672 797 3760 videlicet,
818 3673 912 3756 Isaac
933 3687 966 3744 et
982 3671 1105 3760 Jacob,
1127 3672 1161 3742 in

175 3909 211 3982 r)
230 3909 313 3968 snae.
330 3878 432 3998 xntv,
451 3915 492 3972 ts.

172 4015 213 4087 2)
231 4015 298 4074 Gen.
315 4014 366 4088 vl,
382 4020 408 4076 9.
471 4015 476 4024 “
