2798 4486
250 229 300 302 10

250 399 292 470 dc
309 399 407 468 nnius
429 396 483 468 dei
502 385 636 468 veritate
653 419 862 466 communem
880 397 998 482 babeo,
1020 420 1126 494 aeque
1144 396 1254 494 ipsum

248 510 417 596 fortassis,
439 526 475 579 nt
496 524 547 593 tu,
570 508 697 602 diligo,
710 523 742 578 et
765 535 804 579 ex
825 510 994 605 operibus,
1019 533 1104 605 quae
1125 526 1163 580 tn
1184 537 1254 581 nou

164 625 167 631 ’
249 623 369 709 habes,
399 624 433 693 id
461 622 597 716 insuper
618 621 762 695 exbiboo.
809 619 901 711 Quid
929 622 1007 691 mibi
1036 621 1120 715 baec
1142 647 1254 719 opera,

249 737 281 806 si
301 761 371 808 uon
389 735 527 832 prosint,
550 733 707 820 officiunt,
730 733 825 802 etiam
849 735 964 805 sinon
983 735 1049 804 siut
1066 719 1253 831 praecepta,

250 847 326 945 quia
355 874 423 919 uon
447 862 530 917 suut
557 845 744 940 prohibita?
790 843 876 936 Quis
905 873 958 916 me
990 846 1087 917 etiarn
1115 872 1251 942 arguere
1301 886 1307 890 ·

249 959 364 1056 possit,
390 959 418 1030 si
440 959 530 1029 nullo
554 975 587 1029 et
609 957 805 1029 constrictus
827 975 1004 1054 praecepto
1027 959 1167 1055 amplius
1190 985 1251 1055 pro
1294 1017 1297 1024 ,

194 1057 195 1068 ¹
221 1053 227 1064 ⁸
249 1073 385 1144 domino
409 1071 546 1151 laboro‘l
590 1068 675 1161 Quis
698 1071 784 1141 banc
807 1073 948 1166 arguerit
969 1072 1067 1142 tidem
1097 1096 1181 1167 qnae
1204 1053 1251 1139 di·

248 1186 357 1256 viuam
378 1185 556 1256 bonitatem
578 1182 736 1268 maxime,
754 1199 791 1252 ut
813 1184 1020 1269 dictumest,
1043 1183 1253 1254 commendat

249 1315 282 1368 et
304 1296 477 1394 plurimum
499 1313 647 1367 nostram
669 1295 704 1365 in
724 1321 799 1366 eum
823 1296 989 1369 caritatem
1012 1295 1172 1393 accendit,
1197 1293 1251 1389 qni

248 1410 334 1481 adeo
364 1409 405 1481 de
433 1425 548 1480 nostra
575 1407 733 1480 sollicitus
768 1408 810 1477 sit
835 1407 957 1494 salute,
994 1426 1030 1479 ut
1058 1432 1121 1477 nus
1155 1406 1250 1477 etiam

250 1512 373 1618 scripto
401 1521 483 1616 legis
514 1522 664 1615 dignetur
677 1511 886 1591 ‘instrueret'
913 1523 982 1590 Aut
1005 1520 1113 1614 igitur
1129 1515 1251 1614 aliquid

246 1637 281 1705 iu
304 1634 366 1705 bac
385 1633 460 1728 lege
482 1657 593 1727 argue,
617 1647 682 1716 aut,
704 1656 762 1701 cur
783 1659 856 1703 eam
879 1657 1066 1728 sequamur,
1088 1632 1250 1727 inquirere

94 1815 100 1822 .
147 1743 150 1748 ’
184 1731 186 1736 ¹
249 1747 389 1818 desiste!
437 1744 708 1814 Crudelissimum
732 1745 829 1814 deum
851 1746 965 1830 astruit
987 1771 1076 1830 esse,
1102 1744 1249 1840 quisquis
1313 1821 1315 1825 ,

248 1860 344 1954 bnjus
376 1858 448 1947 seli
466 1859 570 1928 nostri
602 1856 679 1946 (tol.
695 1867 725 1932 5.
745 1857 808 1945 Β.)
823 1857 1126 1952 perseverantiam,
1159 1872 1251 1925 tanta

248 1955 481 2056 sustinentem,
510 1995 533 2040 a
554 1971 704 2040 mercede
722 1992 863 2041 'vacuam
887 1996 960 2041 esse
987 1985 1108 2043 censet
1152 1966 1252 2040 Nulla
1325 1983 1327 1996 ·

250 2086 370 2181 quippe
394 2109 475 2178 gens
498 2107 645 2179 unquam
667 2096 757 2154 tauta
779 2110 840 2181 pro
864 2083 927 2154 deo
949 2082 1120 2178 pertulisse
1144 2081 1249 2154 uosci·

249 2214 317 2281 tur,
346 2197 521 2266 autetiam
545 2194 700 2280 creditur,
728 2193 850 2291 quauta
872 2221 934 2266 nos
957 2195 1074 2288 jugiter
1094 2220 1153 2290 pro
1176 2196 1248 2288 ipso

248 2309 459 2390 sustinemus,
481 2303 634 2402 nullaque
649 2306 769 2400 rubigo
780 2309 908 2402 peccati
924 2333 995 2378 esse
1010 2322 1129 2403 potest,
1152 2330 1251 2401 quam

173 2473 174 2478 η
248 2447 318 2490 ιιοιι
349 2444 542 2490 consumere
573 2417 741 2489 fornacem
770 2419 866 2512 hujus
895 2418 1078 2488 alllictionis
1113 2418 1249 2489 concedi

249 2532 378 2603 debeat.
419 2529 539 2602 Nonne
562 2529 597 2598 iu
620 2546 735 2601 onmes
759 2531 1070 2628 dispersiuationes
1094 2531 1156 2601 soli
1177 2531 1249 2600 sine

248 2671 325 2739 rege
354 2645 406 2745 vel
435 2642 582 2738 principe
606 2643 735 2713 terreno
761 2645 863 2738 tantis
886 2643 1105 2714 exactionibus
1135 2667 1248 2736 grava·

98 2833 99 2840 ¹
142 2832 151 2846 Α
247 2784 330 2842 mur,
349 2773 391 2825 ut
406 2755 539 2848 singulis
560 2753 629 2824 lere
651 2755 765 2829 diebus
789 2757 880 2826 vitae*
892 2773 1024 2826 nostrae
1043 2755 1181 2824 miserae
1200 2781 1249 2824 re·
1398 2827 1399 2839 χ

250 2870 471 2965 demptionem
491 2859 696 2938 exsolvamus
713 2867 972 2940 intolerabilem?
995 2868 1108 2938 Tanto
1129 2867 1250 2961 quippe

249 3007 312 3050 nos
337 2996 527 3074 contemptu
549 2996 582 3050 et
604 2977 681 3051 odio
706 2981 794 3075 digni
813 3000 997 3052 ¹censemur
1024 2982 1065 3050 ab
1087 2980 1268 3074 omnibus,

141 3103 142 3106 ’
247 3110 286 3162 ut
309 3093 453 3189 quisquis
476 3092 572 3162 nobis
596 3093 739 3190 aliquam
763 3093 881 3165 inserat
902 3093 1066 3186 injuriam,
1096 3092 1130 3160 id
1153 3093 1251 3160 maxi-

248 3231 336 3274 mam
361 3204 641 3299 credatjustitiam
665 3221 697 3276 et
721 3232 882 3276 summum
900 3204 1168 3276 deosacrificinm
1193 3205 1251 3275 ob-

248 3315 362 3386 latum.
397 3313 474 3386 Non
496 3317 583 3387 cuim
605 3335 714 3388 tantae
738 3317 930 3415 captivitatis
951 3316 1166 3386 calamitatem
1188 3317 1251 3385 nisi

249 3457 288 3500 ex
311 3453 439 3499 summo
459 3429 523 3500 Dei
546 3431 623 3500 odio
646 3431 742 3500 nobis
766 3447 936 3500 autumant
958 3429 1126 3512 accidisse,
1149 3445 1182 3498 et
1202 3432 1250 3520 jn-

249 3559 321 3612 stac
350 3541 511 3637 imputant
538 3543 672 3629 ultioni,
703 3568 929 3639 quamcunque
957 3543 991 3610 in
1015 3566 1076 3612 nos
1101 3555 1251 3609 exercent

247 3655 414 3724 saevitiam
435 3671 501 3725 tam
523 3656 661 3750 gentiles
683 3681 780 3750 quam
800 3655 973 3728 christiani.
1013 3653 1160 3723 Gentiles
1181 3650 1249 3746 qui·
1295 3658 1299 3664 '

248 3767 324 3836 dem
347 3767 554 3862 antiquarum
577 3794 738 3838 memores
765 3768 1026 3863 oppressionum,
1053 3765 1169 3861 quibus
1194 3788 1249 3832 co·
1340 3789 1343 3798 ’

247 3905 318 3947 mm
342 3879 446 3973 primo
471 3895 589 3948 terram
608 3880 828 3974 possedimus,
852 3897 885 3949 et
903 3877 1059 3974 diuturnis
1073 3894 1138 3945 'cos
1159 3893 1248 3970 post-

246 3991 384 4064 modnm
411 3991 692 4088 persecutionibus
721 3991 901 4082 attrivimus
935 4008 1032 4089 atquc
1060 3987 1250 4073 delevimus,
1279 4079 1282 4083 ι
1379 3952 1398 4085 ,Ι
