2774 4486
713 157 730 178 *a*
740 155 744 171 i
754 158 765 177 ιλ

586 201 588 206 .
620 197 642 206 η·-
838 197 896 208 ψ...-

578 213 646 228 ...-
707 178 770 258 6⁰
833 226 900 244 „-

195 342 508 452 tuas‘dgaffiaant
525 357 639 449 (ιιι,-
654 355 878 428 ‘demonstran
902 339 1153 449 sequanas
1172 332 1264 448 qiest

197 461 237 534 iao
258 463 461 557 probabilem
483 464 577 529 reddi
600 464 683 529 dixit
707 465 837 550 (134713
849 505 887 516 -
898 466 981 531 5οΑ
998 494 1043 524 =
1057 463 1136 528 lntr.¹
1156 464 1217 542 Ill,
1235 467 1264 550 2)
1344 479 1350 488 ·

196 569 284 656 quod
310 592 376 633 non
407 567 472 634 nisi
497 590 556 655 per
584 589 750 632 summam
777 569 989 633 concordiam
1021 566 1131 632 omnia
1155 568 1264 656 optimc

195 683 365 758 regantur,
380 681 412 734 et
429 673 499 756 ipsa
514 669 635 734 summi
653 669 730 733 boni
750 671 837 734 notio
854 670 1010 757 requirat,
1032 681 1070 734 ut
1087 669 1187 734 unum
1201 681 1265 734 tan-

196 774 371 838 tummodo
387 771 548 858 cogitetur
562 773 619 855 55).
664 772 864 857 ceteroquin
882 772 916 837 in
932 771 1108 837 tractandis
1125 771 1217 835 rebus
1228 772 1266 835 ita

194 875 268 941 seio
291 885 459 949 versatur,
485 885 521 938 ut
544 874 688 961 primum
709 875 931 954 ostendatur,¹
948 874 1064 950 verba,
1092 873 1206 960 quibua
1222 877 1267 938 res'

194 977 330 1048 'divinae
346 976 495 1041 denotari
507 976 650 1055 soleant,
670 977 697 1040 si
710 977 750 1040 ad
765 977 934 1062 vulgarem
949 976 1140 1064 opinionem
1158 976 1268 1041 intelli·

194 1069 327 1164 piantur,
347 1099 479 1142 sensum
496 1079 623 1165 saepius
636 1101 831 1168 perversum
850 1078 1017 1156 extubere,
1039 1079 1128 1143 unde
1143 1101 1269 1164 magnae

194 1177 390 1265 exoriantur
408 1176 632 1244 difficultates:
662 1195 731 1245 tum
747 1182 830 1246 iusta
851 1203 970 1246 eorum
990 1181 1165 1269 explicatio
1179 1204 1270 1272 quac·

193 1285 310 1360 ritus„
328 1304 406 1347 vera
432 1283 523 1346 notio
549 1282 774 1363 constituitur,
808 1297 839 1350 et
869 1308 907 1349 ea
939 1284 1021 1349 duce
1051 1285 1121 1371 ipsa
1144 1284 1272 1350 illarum

193 1379 314 1455 lactura
330 1384 518 1474 exponitur.
547 1383 702 1468 Quonam
716 1397 824 1450 autem
838 1384 974 1450 consilio
987 1385 1067 1451 haec
1082 1398 1147 1451 tota
1166 1387 1270 1473 dispu-

193 1487 275 1554 tatio
291 1487 496 1563 instituatur,
521 1487 555 1551 in
581 1486 651 1573 ipso
675 1486 789 1573 capitis
802 1485 899 1552 initio
914 1487 990 1551 satis
1003 1487 1177 1574 perspicue
1191 1488 1271 1553 indi-

193 1601 303 1656 catum
319 1599 384 1664 est,
405 1587 463 1654 ubi
481 1588 711 1653 abaetardus:
742 1589 802 1668 „in
824 1589 1052 1677 superioribus
1069 1591 1204 1668 libellis,
1223 1591 1271 1664 ait,

194 1694 265 1778 ‘„ad
286 1702 417 1757 nostrae
437 1685 648 1778 professionis
669 1687 894 1755 defensionem
917 1692 1122 1756 elaboratum
1137 1704 1202 1772 est,
1224 1693 1271 1757 hic

193 1805 213 1876 ·,“,
223 1819 304 1861 vero
317 1794 357 1858 ad
372 1793 473 1879 ipsius
486 1791 774 1879 amplificationem
789 1792 1063 1860 elaborandum'‘.
1107 1793 1195 1859 Satis
1216 1793 1276 1879 igi:

193 1891 265 1982 tur,
287 1899 320 1962 ni
336 1894 442 1969 fallor,
466 1894 499 1958 in
516 1894 629 1980 aprico
648 1905 705 1972 est,
728 1894 850 1971 omnia,
872 1916 956 1979 quae
971 1894 1032 1959 hac
1042 1895 1273 1984 disceptatione

191 1999 397 2076 efficiantur,
419 1995 657 2081 qualiacunque
676 1995 742 2059 sint
764 2007 860 2080 atque
875 1997 1001 2062 etiamsi
1019 2020 1104 2063 nova
1117 1999 1272 2082 quaedam

190 2103 345 2190 (logmata
368 2099 444 2164 fidei
467 2121 533 2162 non
559 2097 751 2176 obtrudant,
781 2119 822 2161 cx
840 2101 982 2162 auctoris
997 2111 1107 2166 mente
1124 2084 1274 2165 ita-corn·
1346 2073 1357 2396 q

192 2215 306 2295 parata
321 2224 388 2267 esse
397 2249 408 2278 ,
428 2211 463 2264 ut
480 2201 576 2285 digna
592 2200 672 2278 sint,
687 2219 783 2285 'quae
797 2199 838 2264 ad
855 2223 906 2266 res
920 2203 1100 2267 credendas
1115 2204 1274 2284 accedant,

192 2308 383 2394 eademque,
393 2326 490 2388 quam
500 2303 628 2391 publica
639 2303 786 2368 doctrina
796 2301 919 2383 habeat,
934 2303 1125 2370 auctoritate
1135 2313 1275 2370 utantur.

188 2407 265 2474 lam
281 2428 361 2471 veto
376 2425 478 2488 quum
493 2405 544 2469 via
558 2416 654 2488 atque
669 2404 770 2481 ratio,
791 2428 854 2489 qua
870 2407 1077 2494 Abaelatdns
1091 2407 1133 2471 ad
1149 2403 1276 2494 profes-
1351 2415 1356 2510 J

190 2505 596 2593 sionisatnplificationem
618 2505 779 2585 elaborat,
800 2507 942 2595 pariter,
968 2522 1065 2594 atquc
1082 2527 1275 2597 argumenta
1354 2511 1355 2588 l

97 2639 99 2643 ·
191 2603 342 2695 quibus
332 2629 366 2670 m
388 2607 652 2670 antecedentibus
668 2628 877 2674 communem
895 2609 993 2675 sideni
1013 2612 1275 2679 confirmandam

189 2723 288 2800 atque
301 2707 527 2773 illustrandam
542 2707 603 2771 sibi
618 2723 790 2788 sumserat,
812 2712 1021 2802 philosophia
1036 2717 1182 2794 nitatur,
1204 2718 1277 2780 satis

190 2814 310 2898 liquet,
333 2809 418 2874 hanc
432 2810 529 2872 ctiam
544 2809 725 2896 theologiae
744 2827 869 2900 partem
887 2815 1053 2896 indicare,
1073 2818 1107 2883 in
1120 2841 1196 2904 quo.
1210 2820 1280 2884 sor·
1354 2831 1356 2846 ¹

190 2918 278 2982 male
292 2913 391 2978 totius
406 2911 515 2998 operis
531 2911 732 3000 principium
746 2915 984 3000 requirendum
998 2920 1049 2984 ait.

188 3064 192 3076 .
254 3017 347 3080 Haec
360 3016 401 3079 de
417 3015 553 3078 summis
566 3015 737 3104 principiis
754 3018 939 3102 theologias
950 3021 1179 3087 Abaelardeae
1195 3017 1287 3086 'dicta'
1354 3063 1355 3066 =

192 3115 301 3184 sunto.
345 3116 441 3200 Quae
464 3119 613 3201 quamvis
635 3120 796 3184 lectorum
820 3121 916 3205 longe
940 3110 1128 3188 doctiorum
1152 3121 1279 3187 iudicio

192 3219 352 3286 committi
374 3219 518 3304 possint,
545 3233 635 3285 1uvat
649 3232 758 3287 tamen
769 3234 870 3308 atque
884 3223 993 3300 decet
1016 3226 1128 3310 quid'
1119 3248 1193 3312 ipse
1216 3236 1281 3288 sta-

186 3316 351 3388 tuendum
376 3338 545 3401 censeam,
575 3323 687 3408 paucis
710 3326 851 3413 aperire.
896 3330 950 3392 Ac
970 3327 1118 3415 primum
1140 3327 1280 3412 quidem

81 3439 132 3526 ,ζ
241 3456 297 3524 55)
326 3425 426 3576 Toltpsn
453 3457 707 3528 argumentationem
756 3461 914 3528 „scientiae
941 3464 1101 3544 Qnaacnim
1116 3462 1281 3518 sollicitudo
1354 3443 1355 3468 l

187 3527 229 3581 ita'
253 3525 373 3580 conclud
430 3521 543 3606 „Quum
564 3529 707 3580 honestum
756 3531 908 3598 „bonorum
930 3533 1008 3584 uobis
1029 3531 1142 3601 operum
1162 3533 1281 3599 inesset,
1354 3532 1355 3549 ¹

185 3597 247 3686 -qsit
265 3613 296 3648 ac
317 3596 437 3659 salubre,
461 3595 553 3645 omnia
571 3597 604 3645 ad
625 3613 707 3648 tanum
757 3599 894 3668 „siquem
915 3618 987 3654 nunc
1002 3619 1094 3654 amore
1113 3603 1161 3655 vel
1181 3602 1282 3654 timore

191 3665 347 3734 ‚mplifflttm
373 3671 426 3714 lam
462 3671 620 3715 rectorem
617 3683 706 3732 quam
756 3686 954 3735 ‚‚veneramur‚
977 3673 1056 3724 deum
1073 3671 1182 3738 penitus
1200 3671 1282 3732 innn-

191 3704 379 3813 ,conditorem
412 3741 533 3799 spectare
553 3741 585 3783 et
612 3743 706 3786 cuncta
757 3741 886 3805 „remini
914 3741 989 3810 Quae
1007 3756 1068 3806 spes
1086 3749 1128 3790 ant
1146 3740 1282 3792 malitiam

184 3803 299 3939 .‚,qotit¹⁵
328 3801 432 3853 rollone
462 3817 539 3919 quplm
570 3817 633 3936 oaqu
659 3821 707 3855 sen
752 3809 925 3873 ,nest-enaret
942 3816 1081 3913 potentnuq
1089 3809 1196 3904 ιιιεΙιιιΙ
1212 3811 1283 3860 bona

231 3885 282 3924 err
288 3887 336 3922 seu
358 3869 435 3939 regi,
460 3886 496 3920 nu
518 3885 548 3920 ns
576 3887 605 3920 es
661 3873 707 3924 cni

190 3911 333 4010 „propriae
347 3911 416 3991 ratio
431 3937 487 3992 uo'n
503 3948 626 4010 suggerat
641 3957 708 3996 con·
758 3893 826 3973 ’el'
843 3877 962 3931 afficeret
980 3894 1079 3980 (lp-em
1124 3885 1181 3929 em·
1265 3951 1281 3982 ·-
1353 3929 1354 3942 ³
