2798 4486
144 233 277 308 ,78

226 399 356 487 accidit,
384 398 474 472 unde'
493 403 614 495 justum
635 398 757 470 tristari
784 399 834 470 vel
859 401 969 472 dolere
999 390 1164 499 oporteat,
1186 415 1229 482 'et

226 513 274 583 sic
298 513 440 609 optimae
465 511 671 608 dispositioni
695 513 757 595 dei,
780 529 936 609 qnantum
958 515 1046 588 inse
1067 537 1126 606 est,
1149 547 1227 593 con·

226 626 333 709 traire‚
357 624 451 720 qnasi
474 648 547 694 eam
571 641 703 696 censeat
725 625 951 718 corrigendam
974 654 1056 704 esse.

555 749 646 841 Quid
669 752 712 821 sit
732 753 899 826 veracitas.

313 863 494 936 Veracitas'
511 880 576 947 est,
605 889 783 960 perquam
807 889 862 948 ca,
891 891 1029 960 quornm
1052 893 1113 938 nus
1137 871 1226 941 debi-

224 993 311 1047 tores
335 975 521 1070 pollicendo
549 974 721 1060 efficimur,
751 976 923 1046 observare
953 979 1120 1048 studemus
1151 981 1225 1068 (fot.

223 1099 276 1164 38.
299 1087 372 1177 R.)
395 1172 398 1178 ¹
418 1085 496 1157 Non
521 1086 606 1155 enim
630 1087 673 1171 si,
697 1088 786 1180 quod
809 1115 877 1157 non
901 1106 1045 1183 oportet,
1067 1094 1226 1184 promitti·
1288 1183 1291 1190 Ι

223 1227 308 1285 mus,
330 1200 378 1269 rei
401 1199 568 1282 efficimur,
590 1199 624 1267 id
647 1225 715 1268 non
738 1199 915 1292 implendo,
940 1205 1031 1295 cujus
1054 1200 1225 1274 nos'debi·

224 1293 420 1381 tores‘mata
446 1302 620 1404 promissio
653 1335 859 1407 nequaqnam
887 1311 973 1382 feeit.
1030 1311 1099 1403 Qui
1129 1317 1225 1402 enim,

225 1424 314 1520 qnod
336 1423 588 1518 promittendum
612 1423 780 1506 nonfuit,
805 1424 995 1518 exsequitur,
1018 1427 1093 1494 mali
1117 1423 1224 1522 operis
1394 1447 1396 1570 q

224 1537 368 1630 geminat
390 1534 551 1619 affectum,
583 1561 657 1606 cum
679 1559 850 1630 perversae
874 1534 995 1605 scilicet
1017 1539 1225 1631 promissioni

222 1672 411 1743 perversum
440 1646 596 1739 adjungat
623 1646 762 1730 factum,
790 1673 852 1715 nec
876 1649 1039 1719 cessando
1062 1651 1103 1720 ab
1126 1677 1225 1747 opere

223 1757 343 1828 malam
365 1758 619 1852 promissionem
642 1759 729 1851 eligit
752 1758 922 1850 corrigere.

576 1889 667 1982 Quid
692 1891 874 1963 vindicatio.

311 2003 500 2101 Vindicatio
525 2021 575 2073 cst
597 2004 648 2074 itte
677 2020 832 2074 constans
862 2005 1017 2092 affectus,
1044 2034 1224 2103 perquem
1395 1949 1397 2102 i

206 2117 318 2186 illatis
341 2116 434 2185 malis
466 2116 575 2185 debita
603 2116 758 2186 inferatur
786 2143 903 2213 poena.
948 2119 986 2187 In
1009 2119 1143 2211 singulis
1167 2146 1224 2188 au·

223 2247 288 2300 tem
312 2227 361 2298 his
386 2243 524 2323 quatuor
545 2229 684 2320 justitiae
707 2230 868 2324 partibus,
895 2229 975 2296 illud
999 2231 1087 2324 qnod
1110 2230 1143 2298 in
1167 2232 1223 2300 de·
1304 2246 1308 2249 ’
1367 2319 1375 2328 .

222 2341 370 2410 finitione
393 2339 636 2434 praemisimus,
674 2340 839 2409 communi
861 2340 985 2408 scilicet
1006 2339 1133 2416 utilitati
1155 2367 1221 2410 ser·
1258 2385 1261 2395 =

170 2447 172 2452 ¹
222 2468 308 2535 vata,
331 2449 638 2542 subintelligendum
661 2476 734 2520 esse
752 2467 889 2520 constat
925 2449 1023 2521 Hunc
1040 2452 1126 2520 enim
1143 2479 1221 2548 ope-

176 2595 179 2602 ’
222 2591 294 2632 rum
317 2580 520 2648 nostrorum,
542 2579 578 2631 ut
600 2588 698 2657 snpra
722 2588 850 2658 quoque
873 2562 1093 2648 meminimuS‚
1123 2565 1221 2635 finem

224 2701 296 2744 esse
321 2675 489 2758 convenit,
517 2690 553 2743 ut
579 2700 646 2743 non
670 2691 736 2742 tam
758 2672 889 2768 propria
915 2699 1012 2768 quam
1036 2677 1221 2746 communia

225 2803 359 2884 quaerat
381 2779 516 2882 quisque
540 2784 729 2878 commoda,
753 2810 814 2853 nec
836 2786 994 2870 tam'sibi‚
1019 2812 1116 2882 quam
1140 2815 1221 2858 om·

223 2899 343 2967 nibus
366 2899 460 2979 vivat,
481 2900 568 2990 juxta
589 2895 669 2965 illud
691 2894 848 2979 videlicet,
871 2897 958 2993 quod
980 2898 1014 2966 in
1036 2882 1140 2970 laudi*
1157 2897 1221 2968 Ca·

223 3009 308 3078 tonis
332 3007 540 3096 Lucanus'¹)
564 3007 731 3076 decantat:

266 3119 334 3188 Uni
356 3120 482 3213 quippe
498 3136 592 3188 vacat
614 3118 727 3189 studiis
751 3119 899 3215 odiisque
922 3122 1059 3208 carenti,
1086 3135 1089 3141 '

265 3207 454 3279 Humanum
477 3208 586 3298 lugere
633 3233 725 3276 enus.
748 3251 789 3266 -
811 3251 856 3262 -

265 3335 311 3351 -
331 3337 375 3348 -
397 3295 441 3362 Hi
464 3322 586 3372 mores,
610 3235 692 3366 iaec
715 3295 785 3364 duri
806 3296 941 3366 immota
964 3295 1101 3368 Catonis

266 3383 364 3451 Secta
386 3382 460 3466 tuit,
484 3409 609 3454 servare
635 3383 770 3452 modum
793 3384 955 3481 finemque
980 3402 1100 3457 tenere.

265 3469 486 3566 Naturamque
511 3471 618 3566 sequi,
641 3472 828 3567 patriaeque
851 3471 893 3540 im
919 3472 1037 3544 endere
1059 3476 1167 3561 vitam,

264 3558 333 3629 Nec
352 3560 418 3627 »sibi
441 3558 499 3629 scd
520 3560 582 3629 toti
603 3561 747 3653 genitum
769 3585 805 3631 se
828 3586 880 3630 cre
905 3587 958 3632 ere
981 3564 1116 3632 mundo.

220 3671 264 3741 Et
284 3688 361 3766 post
383 3670 506 3767 aliqua:

221 3842 422 3857 -n-

238 3940 274 4014 1)
291 3939 430 3997 Phar-sal.
458 3937 490 3996 L.
507 3936 539 3998 11.
562 3957 586 3998 v.
604 3943 656 3998 ³77
673 3961 730 4020 sqq.
752 3943 805 3999 388
821 3961 878 4019 sqq.
913 3887 1112 4000 Emeridavimus
1133 3939 1221 4002 locum

291 4047 325 4087 cx
341 4026 456 4085 editione
473 4027 670 4086 Burmannus,
694 4025 793 4086 Leidae
812 4031 889 4087 1740.
911 4031 938 4086 4.

343 4362 423 4445 Ni
