<?xml version="1.0" encoding="UTF-8"?>
<!DOCTYPE html PUBLIC "-//W3C//DTD XHTML 1.0 Transitional//EN"
    "http://www.w3.org/TR/xhtml1/DTD/xhtml1-transitional.dtd">
<html xmlns="http://www.w3.org/1999/xhtml" xml:lang="en" lang="en">
 <head>
  <title>
</title>
<meta http-equiv="Content-Type" content="text/html;charset=utf-8" />
  <meta name='ocr-system' content='tesseract 3.04.00' />
  <meta name='ocr-capabilities' content='ocr_page ocr_carea ocr_par ocr_line ocrx_word'/>
</head>
<body>
  <div class='ocr_page' id='page_1' title='image "./dialogusinterph00abelgoog_0145.png"; bbox 0 0 2806 4492; ppageno 0'>
   <div class='ocr_carea' id='block_1_1' title="bbox 991 89 1372 260">
    <p class='ocr_par' dir='ltr' id='par_1_1' title="bbox 991 89 1372 260">
     <span class='ocr_line' id='line_1_1' title="bbox 1167 89 1372 103; baseline 0.005 -1"><span class='ocrx_word' id='word_1_1' title='bbox 1167 89 1172 102; x_wconf 74' lang='grc' dir='ltr'><strong>ι’</strong></span> <span class='ocrx_word' id='word_1_2' title='bbox 1366 92 1372 103; x_wconf 93' lang='grc' dir='ltr'>Ι</span> 
     </span>
     <span class='ocr_line' id='line_1_2' title="bbox 1091 115 1093 125; baseline 0 0"><span class='ocrx_word' id='word_1_3' title='bbox 1091 115 1093 125; x_wconf 81' lang='lat' dir='ltr'><strong>l</strong></span> 
     </span>
     <span class='ocr_line' id='line_1_3' title="bbox 1087 141 1342 218; baseline 0.008 -2"><span class='ocrx_word' id='word_1_4' title='bbox 1087 141 1158 218; x_wconf 74' lang='lat'><strong>129</strong></span> <span class='ocrx_word' id='word_1_5' title='bbox 1335 145 1342 161; x_wconf 61' lang='grc'><em>“</em></span> 
     </span>
     <span class='ocr_line' id='line_1_4' title="bbox 991 167 994 182; baseline 0 0"><span class='ocrx_word' id='word_1_6' title='bbox 991 167 994 182; x_wconf 77' lang='grc' dir='ltr'><strong>ι</strong></span> 
     </span>
     <span class='ocr_line' id='line_1_5' title="bbox 1259 202 1263 211; baseline 0 0"><span class='ocrx_word' id='word_1_7' title='bbox 1259 202 1263 211; x_wconf 65' lang='grc' dir='ltr'><strong>ι</strong></span> 
     </span>
     <span class='ocr_line' id='line_1_6' title="bbox 1197 221 1353 234; baseline 0 0"><span class='ocrx_word' id='word_1_8' title='bbox 1197 221 1202 231; x_wconf 73' lang='lat'><em>⁴</em></span> <span class='ocrx_word' id='word_1_9' title='bbox 1351 227 1353 234; x_wconf 87' lang='lat'><em>.</em></span> 
     </span>
     <span class='ocr_line' id='line_1_7' title="bbox 1056 233 1224 260; baseline 0 0"><span class='ocrx_word' id='word_1_10' title='bbox 1056 245 1058 260; x_wconf 88' lang='grc' dir='ltr'><strong>ι</strong></span> <span class='ocrx_word' id='word_1_11' title='bbox 1177 233 1182 244; x_wconf 71' lang='lat'><strong>⁴</strong></span> <span class='ocrx_word' id='word_1_12' title='bbox 1221 241 1224 256; x_wconf 75' lang='lat' dir='ltr'><strong>t</strong></span> 
     </span>
    </p>
   </div>
   <div class='ocr_carea' id='block_1_2' title="bbox 22 279 1155 402">
    <p class='ocr_par' dir='ltr' id='par_1_2' title="bbox 22 279 1155 402">
     <span class='ocr_line' id='line_1_8' title="bbox 22 279 1155 402; baseline 0.011 -31"><span class='ocrx_word' id='word_1_13' title='bbox 22 279 42 318; x_wconf 81' lang='lat'><strong>⁰·</strong></span> <span class='ocrx_word' id='word_1_14' title='bbox 151 302 214 380; x_wconf 68' lang='lat' dir='ltr'><strong>&#39;eet</strong></span> <span class='ocrx_word' id='word_1_15' title='bbox 228 325 269 380; x_wconf 69' lang='lat' dir='ltr'><strong>o</strong></span> <span class='ocrx_word' id='word_1_16' title='bbox 292 309 480 380; x_wconf 68' lang='lat' dir='ltr'><strong>ensuerunt</strong></span> <span class='ocrx_word' id='word_1_17' title='bbox 495 308 587 394; x_wconf 71' lang='lat' dir='ltr'><strong>ritae,</strong></span> <span class='ocrx_word' id='word_1_18' title='bbox 615 308 653 378; x_wconf 87' lang='lat' dir='ltr'><strong>ln</strong></span> <span class='ocrx_word' id='word_1_19' title='bbox 677 308 892 378; x_wconf 63' lang='lat' dir='ltr'><strong>ausurum</strong></span> <span class='ocrx_word' id='word_1_20' title='bbox 916 307 971 381; x_wconf 82' lang='lat' dir='ltr'><strong>m</strong></span> <span class='ocrx_word' id='word_1_21' title='bbox 990 310 1155 402; x_wconf 68' lang='lat' dir='ltr'><strong>resaluto</strong></span> 
     </span>
    </p>
   </div>
   <div class='ocr_carea' id='block_1_3' title="bbox 52 407 1230 1201">
    <p class='ocr_par' dir='ltr' id='par_1_3' title="bbox 53 407 1189 627">
     <span class='ocr_line' id='line_1_9' title="bbox 53 407 1189 517; baseline 0.002 -27"><span class='ocrx_word' id='word_1_22' title='bbox 53 455 55 482; x_wconf 75' lang='grc' dir='ltr'><strong>ι</strong></span> <span class='ocrx_word' id='word_1_23' title='bbox 112 435 114 442; x_wconf 83' lang='grc'><strong>“</strong></span> <span class='ocrx_word' id='word_1_24' title='bbox 160 421 269 496; x_wconf 87' lang='lat' dir='ltr'><strong>multa.</strong></span> <span class='ocrx_word' id='word_1_25' title='bbox 289 407 417 493; x_wconf 79' lang='lat' dir='ltr'>Revera</span> <span class='ocrx_word' id='word_1_26' title='bbox 431 422 513 490; x_wconf 84' lang='lat' dir='ltr'><strong>baec</strong></span> <span class='ocrx_word' id='word_1_27' title='bbox 524 419 689 489; x_wconf 83' lang='lat' dir='ltr'>retributio</span> <span class='ocrx_word' id='word_1_28' title='bbox 702 419 803 492; x_wconf 89' lang='lat' dir='ltr'><strong>multa</strong></span> <span class='ocrx_word' id='word_1_29' title='bbox 815 435 872 504; x_wconf 86' lang='lat' dir='ltr'><strong>est,</strong></span> <span class='ocrx_word' id='word_1_30' title='bbox 884 432 1047 517; x_wconf 80' lang='lat' dir='ltr'><strong>quae&#39;non</strong></span> <span class='ocrx_word' id='word_1_31' title='bbox 1060 422 1189 516; x_wconf 54' lang='lat' dir='ltr'><strong>babetj</strong></span> 
     </span>
     <span class='ocr_line' id='line_1_10' title="bbox 98 527 1157 627; baseline 0 -23"><span class='ocrx_word' id='word_1_32' title='bbox 98 555 100 558; x_wconf 83' lang='grc'><strong><em>·</em></strong></span> <span class='ocrx_word' id='word_1_33' title='bbox 160 535 267 616; x_wconf 85' lang='lat' dir='ltr'><strong>finem,</strong></span> <span class='ocrx_word' id='word_1_34' title='bbox 291 533 349 602; x_wconf 91' lang='lat' dir='ltr'><strong>sed</strong></span> <span class='ocrx_word' id='word_1_35' title='bbox 371 534 509 627; x_wconf 77' lang='lat' dir='ltr'><strong>ipsa&#39;est</strong></span> <span class='ocrx_word' id='word_1_36' title='bbox 530 531 603 600; x_wconf 86' lang='lat' dir='ltr'><strong>finis</strong></span> <span class='ocrx_word' id='word_1_37' title='bbox 628 546 660 601; x_wconf 88' lang='lat' dir='ltr'><strong>et</strong></span> <span class='ocrx_word' id='word_1_38' title='bbox 675 533 879 600; x_wconf 81' lang='lat' dir='ltr'><strong>consumatio</strong></span> <span class='ocrx_word' id='word_1_39' title='bbox 895 527 1157 627; x_wconf 67' lang='lat' dir='ltr'><strong>participantium</strong></span> 
     </span>
    </p>

    <p class='ocr_par' dir='ltr' id='par_1_4' title="bbox 160 625 1188 738">
     <span class='ocr_line' id='line_1_11' title="bbox 160 625 1188 738; baseline 0.003 -24"><span class='ocrx_word' id='word_1_40' title='bbox 160 645 418 729; x_wconf 85' lang='lat' dir='ltr'><strong>summobono,</strong></span> <span class='ocrx_word' id='word_1_41' title='bbox 442 625 618 714; x_wconf 70' lang='lat' dir='ltr'><strong>fruentium</strong></span> <span class='ocrx_word' id='word_1_42' title='bbox 641 666 768 715; x_wconf 90' lang='lat' dir='ltr'><strong>summo</strong></span> <span class='ocrx_word' id='word_1_43' title='bbox 792 643 931 736; x_wconf 81' lang='lat' dir='ltr'><strong>gaudio,</strong></span> <span class='ocrx_word' id='word_1_44' title='bbox 961 644 1156 738; x_wconf 76' lang='lat' dir='ltr'><strong>sapientium</strong></span> <span class='ocrx_word' id='word_1_45' title='bbox 1183 707 1188 717; x_wconf 82' lang='grc'><em>,</em></span> 
     </span>
    </p>

    <p class='ocr_par' dir='ltr' id='par_1_5' title="bbox 57 747 1230 852">
     <span class='ocr_line' id='line_1_12' title="bbox 57 747 1230 852; baseline 0 -26"><span class='ocrx_word' id='word_1_46' title='bbox 57 772 62 780; x_wconf 89' lang='grc'>’</span> <span class='ocrx_word' id='word_1_47' title='bbox 159 771 285 828; x_wconf 84' lang='lat' dir='ltr'><strong>summa</strong></span> <span class='ocrx_word' id='word_1_48' title='bbox 309 756 484 850; x_wconf 73' lang='lat' dir='ltr'><strong>sapientia,</strong></span> <span class='ocrx_word' id='word_1_49' title='bbox 516 779 598 852; x_wconf 88' lang='lat' dir='ltr'><strong>quae</strong></span> <span class='ocrx_word' id='word_1_50' title='bbox 623 770 673 824; x_wconf 89' lang='lat' dir='ltr'><strong>est</strong></span> <span class='ocrx_word' id='word_1_51' title='bbox 695 751 857 836; x_wconf 83' lang='lat' dir='ltr'><strong>Christus.</strong></span> <span class='ocrx_word' id='word_1_52' title='bbox 901 755 1011 848; x_wconf 87' lang='lat' dir='ltr'><strong>Ipsum</strong></span> <span class='ocrx_word' id='word_1_53' title='bbox 1036 756 1156 828; x_wconf 83' lang='lat' dir='ltr'><strong>audite.</strong></span> <span class='ocrx_word' id='word_1_54' title='bbox 1190 783 1193 792; x_wconf 65' lang='lat'><strong>¹</strong></span> <span class='ocrx_word' id='word_1_55' title='bbox 1227 747 1230 755; x_wconf 54' lang='grc'><em>’</em></span> 
     </span>
    </p>

    <p class='ocr_par' dir='ltr' id='par_1_6' title="bbox 55 861 1157 964">
     <span class='ocr_line' id='line_1_13' title="bbox 55 861 1157 964; baseline -0.002 -24"><span class='ocrx_word' id='word_1_56' title='bbox 55 927 58 940; x_wconf 85' lang='grc'><strong>,</strong></span> <span class='ocrx_word' id='word_1_57' title='bbox 142 863 374 959; x_wconf 63' lang='grc' dir='ltr'><strong>Ὀοιιείἰίιιίιιι</strong></span> <span class='ocrx_word' id='word_1_58' title='bbox 399 885 457 954; x_wconf 87' lang='lat' dir='ltr'><strong>est,</strong></span> <span class='ocrx_word' id='word_1_59' title='bbox 479 869 586 963; x_wconf 91' lang='lat' dir='ltr'><strong>ipsum</strong></span> <span class='ocrx_word' id='word_1_60' title='bbox 609 861 734 950; x_wconf 52' lang='lat' dir='ltr'><strong>audite)</strong></span> <span class='ocrx_word' id='word_1_61' title='bbox 757 883 948 961; x_wconf 85' lang='lat' dir='ltr'><strong>praeceptor</strong></span> <span class='ocrx_word' id='word_1_62' title='bbox 966 884 1028 964; x_wconf 81' lang='lat' dir='ltr'><strong>est,</strong></span> <span class='ocrx_word' id='word_1_63' title='bbox 1049 869 1157 962; x_wconf 89' lang='lat' dir='ltr'><strong>ipsum</strong></span> 
     </span>
    </p>

    <p class='ocr_par' dir='ltr' id='par_1_7' title="bbox 160 975 1186 1075">
     <span class='ocr_line' id='line_1_14' title="bbox 160 975 1186 1075; baseline 0.001 -27"><span class='ocrx_word' id='word_1_64' title='bbox 160 979 276 1070; x_wconf 76' lang='lat' dir='ltr'><strong>audite.</strong></span> <span class='ocrx_word' id='word_1_65' title='bbox 315 977 353 1048; x_wconf 87' lang='lat' dir='ltr'><strong>Si</strong></span> <span class='ocrx_word' id='word_1_66' title='bbox 376 1005 444 1050; x_wconf 89' lang='lat' dir='ltr'><strong>uon</strong></span> <span class='ocrx_word' id='word_1_67' title='bbox 466 979 603 1075; x_wconf 89' lang='lat' dir='ltr'><strong>potestis</strong></span> <span class='ocrx_word' id='word_1_68' title='bbox 626 977 769 1071; x_wconf 83' lang='lat' dir='ltr'><strong>recipere</strong></span> <span class='ocrx_word' id='word_1_69' title='bbox 791 975 1099 1070; x_wconf 75' lang='lat' dir='ltr'><strong>ipsiusc&#39;ousilium,</strong></span> <span class='ocrx_word' id='word_1_70' title='bbox 1122 995 1157 1050; x_wconf 91' lang='lat' dir='ltr'><strong>ut</strong></span> <span class='ocrx_word' id='word_1_71' title='bbox 1183 1009 1186 1014; x_wconf 88' lang='lat'><em>·</em></span> 
     </span>
    </p>

    <p class='ocr_par' dir='ltr' id='par_1_8' title="bbox 52 1085 1164 1201">
     <span class='ocr_line' id='line_1_15' title="bbox 52 1085 1164 1201; baseline -0.005 -39"><span class='ocrx_word' id='word_1_72' title='bbox 52 1162 59 1201; x_wconf 38' lang='grc' dir='ltr'><strong>ἶ</strong></span> <span class='ocrx_word' id='word_1_73' title='bbox 94 1187 96 1192; x_wconf 21' lang='grc' dir='ltr'>Ι</span> <span class='ocrx_word' id='word_1_74' title='bbox 160 1091 362 1184; x_wconf 79' lang='lat' dir='ltr'><strong>abnegantes</strong></span> <span class='ocrx_word' id='word_1_75' title='bbox 390 1116 449 1161; x_wconf 91' lang='lat' dir='ltr'><strong>vos</strong></span> <span class='ocrx_word' id='word_1_76' title='bbox 476 1091 569 1161; x_wconf 90' lang='lat' dir='ltr'><strong>vobis</strong></span> <span class='ocrx_word' id='word_1_77' title='bbox 595 1089 703 1185; x_wconf 89' lang='lat' dir='ltr'><strong>ipsum</strong></span> <span class='ocrx_word' id='word_1_78' title='bbox 725 1087 918 1194; x_wconf 80' lang='lat' dir='ltr'><strong>sequimini,</strong></span> <span class='ocrx_word' id='word_1_79' title='bbox 947 1085 1061 1160; x_wconf 87' lang='lat' dir='ltr'><strong>saltem</strong></span> <span class='ocrx_word' id='word_1_80' title='bbox 1090 1099 1164 1160; x_wconf 75' lang='lat' dir='ltr'><strong>sou.</strong></span> 
     </span>
    </p>
   </div>
   <div class='ocr_carea' id='block_1_4' title="bbox 49 1183 1319 1408">
    <p class='ocr_par' dir='ltr' id='par_1_9' title="bbox 49 1183 1319 1408">
     <span class='ocr_line' id='line_1_16' title="bbox 159 1183 1319 1302; baseline -0.002 -28"><span class='ocrx_word' id='word_1_81' title='bbox 159 1217 231 1274; x_wconf 81' lang='lat' dir='ltr'><strong>vate</strong></span> <span class='ocrx_word' id='word_1_82' title='bbox 261 1219 469 1302; x_wconf 85' lang='lat' dir='ltr'><strong>praeceptum</strong></span> <span class='ocrx_word' id='word_1_83' title='bbox 500 1219 532 1272; x_wconf 90' lang='lat' dir='ltr'><strong>et</strong></span> <span class='ocrx_word' id='word_1_84' title='bbox 558 1204 593 1272; x_wconf 92' lang='lat' dir='ltr'><strong>in</strong></span> <span class='ocrx_word' id='word_1_85' title='bbox 621 1217 760 1295; x_wconf 85' lang='lat' dir='ltr'><strong>utroque</strong></span> <span class='ocrx_word' id='word_1_86' title='bbox 790 1202 1023 1293; x_wconf 80' lang='lat' dir='ltr'><strong>cognoscendo</strong></span> <span class='ocrx_word' id='word_1_87' title='bbox 1049 1202 1156 1296; x_wconf 87' lang='lat' dir='ltr'><strong>ipsum</strong></span> <span class='ocrx_word' id='word_1_88' title='bbox 1243 1265 1246 1276; x_wconf 86' lang='lat'>.</span> <span class='ocrx_word' id='word_1_89' title='bbox 1315 1183 1319 1194; x_wconf 43' lang='lat'>⁸</span> 
     </span>
     <span class='ocr_line' id='line_1_17' title="bbox 49 1306 1223 1408; baseline -0.004 -22"><span class='ocrx_word' id='word_1_90' title='bbox 49 1353 54 1370; x_wconf 77' lang='lat'>=</span> <span class='ocrx_word' id='word_1_91' title='bbox 134 1306 279 1384; x_wconf 74' lang='lat' dir='ltr'><strong>&#39;audito</strong></span> <span class='ocrx_word' id='word_1_92' title='bbox 323 1313 452 1398; x_wconf 90' lang='lat' dir='ltr'><strong>Primo,</strong></span> <span class='ocrx_word' id='word_1_93' title='bbox 475 1313 504 1384; x_wconf 92' lang='lat' dir='ltr'><strong>si</strong></span> <span class='ocrx_word' id='word_1_94' title='bbox 526 1314 594 1384; x_wconf 84' lang='lat' dir='ltr'><strong>fieri</strong></span> <span class='ocrx_word' id='word_1_95' title='bbox 616 1329 742 1408; x_wconf 90' lang='lat' dir='ltr'><strong>potest,</strong></span> <span class='ocrx_word' id='word_1_96' title='bbox 764 1311 806 1380; x_wconf 91' lang='lat' dir='ltr'><strong>ad</strong></span> <span class='ocrx_word' id='word_1_97' title='bbox 829 1313 1085 1382; x_wconf 86' lang='lat' dir='ltr'><strong>conservandam</strong></span> <span class='ocrx_word' id='word_1_98' title='bbox 1107 1312 1156 1382; x_wconf 83' lang='lat' dir='ltr'><strong>iu-</strong></span> <span class='ocrx_word' id='word_1_99' title='bbox 1220 1363 1223 1370; x_wconf 85' lang='lat'>-</span> 
     </span>
    </p>
   </div>
   <div class='ocr_carea' id='block_1_5' title="bbox 159 1410 1189 1745">
    <p class='ocr_par' dir='ltr' id='par_1_10' title="bbox 159 1410 1189 1745">
     <span class='ocr_line' id='line_1_18' title="bbox 160 1410 1156 1522; baseline -0.002 -26"><span class='ocrx_word' id='word_1_100' title='bbox 160 1425 487 1522; x_wconf 75' lang='lat' dir='ltr'><strong>nocentiam„ipsum</strong></span> <span class='ocrx_word' id='word_1_101' title='bbox 522 1427 640 1516; x_wconf 85' lang='lat' dir='ltr'><strong>audite.</strong></span> <span class='ocrx_word' id='word_1_102' title='bbox 692 1410 866 1507; x_wconf 73' lang='lat' dir='ltr'><strong>Secundo,</strong></span> <span class='ocrx_word' id='word_1_103' title='bbox 898 1424 953 1493; x_wconf 88' lang='lat' dir='ltr'><strong>nbi</strong></span> <span class='ocrx_word' id='word_1_104' title='bbox 986 1423 1156 1495; x_wconf 86' lang='lat' dir='ltr'><strong>amiseritis</strong></span> 
     </span>
     <span class='ocr_line' id='line_1_19' title="bbox 159 1535 1155 1631; baseline 0 -23"><span class='ocrx_word' id='word_1_105' title='bbox 159 1536 390 1619; x_wconf 87' lang='lat' dir='ltr'><strong>innocentiam,</strong></span> <span class='ocrx_word' id='word_1_106' title='bbox 413 1536 527 1606; x_wconf 87' lang='lat' dir='ltr'><strong>saltem</strong></span> <span class='ocrx_word' id='word_1_107' title='bbox 551 1538 593 1608; x_wconf 88' lang='lat' dir='ltr'><strong>od</strong></span> <span class='ocrx_word' id='word_1_108' title='bbox 614 1537 774 1631; x_wconf 78' lang='lat' dir='ltr'><strong>agendam</strong></span> <span class='ocrx_word' id='word_1_109' title='bbox 793 1535 1025 1630; x_wconf 87' lang='lat' dir='ltr'><strong>poenitentiam</strong></span> <span class='ocrx_word' id='word_1_110' title='bbox 1047 1535 1155 1630; x_wconf 89' lang='lat' dir='ltr'><strong>ipsum</strong></span> 
     </span>
     <span class='ocr_line' id='line_1_20' title="bbox 161 1647 1189 1745; baseline -0.002 -25"><span class='ocrx_word' id='word_1_111' title='bbox 161 1648 278 1722; x_wconf 83' lang='lat' dir='ltr'><strong>audite.</strong></span> <span class='ocrx_word' id='word_1_112' title='bbox 319 1648 357 1716; x_wconf 89' lang='lat' dir='ltr'><strong>Si</strong></span> <span class='ocrx_word' id='word_1_113' title='bbox 374 1648 508 1722; x_wconf 79' lang='lat' dir='ltr'><strong>facultas</strong></span> <span class='ocrx_word' id='word_1_114' title='bbox 532 1650 674 1745; x_wconf 87' lang='lat' dir='ltr'><strong>suppetit</strong></span> <span class='ocrx_word' id='word_1_115' title='bbox 691 1648 733 1717; x_wconf 95' lang='lat' dir='ltr'><strong>ad</strong></span> <span class='ocrx_word' id='word_1_116' title='bbox 749 1647 1026 1742; x_wconf 81' lang='lat' dir='ltr'><strong>agendum&#39;bona,</strong></span> <span class='ocrx_word' id='word_1_117' title='bbox 1047 1647 1156 1742; x_wconf 88' lang='lat' dir='ltr'><strong>ipsum</strong></span> <span class='ocrx_word' id='word_1_118' title='bbox 1188 1713 1189 1718; x_wconf 73' lang='grc'>,</span> 
     </span>
    </p>
   </div>
   <div class='ocr_carea' id='block_1_6' title="bbox 158 1753 1310 1864">
    <p class='ocr_par' dir='ltr' id='par_1_11' title="bbox 158 1753 1310 1864">
     <span class='ocr_line' id='line_1_21' title="bbox 158 1753 1310 1864; baseline 0 -33"><span class='ocrx_word' id='word_1_119' title='bbox 158 1760 343 1843; x_wconf 88' lang='lat' dir='ltr'><strong>audite,s1</strong></span> <span class='ocrx_word' id='word_1_120' title='bbox 369 1759 505 1830; x_wconf 82' lang='lat' dir='ltr'><strong>facultas</strong></span> <span class='ocrx_word' id='word_1_121' title='bbox 537 1761 619 1848; x_wconf 86' lang='lat' dir='ltr'><strong>desit</strong></span> <span class='ocrx_word' id='word_1_122' title='bbox 645 1761 688 1830; x_wconf 91' lang='lat' dir='ltr'><strong>ad</strong></span> <span class='ocrx_word' id='word_1_123' title='bbox 711 1758 888 1830; x_wconf 84' lang='lat' dir='ltr'><strong>volendum</strong></span> <span class='ocrx_word' id='word_1_124' title='bbox 916 1757 1035 1828; x_wconf 85' lang='lat' dir='ltr'><strong>saltem</strong></span> <span class='ocrx_word' id='word_1_125' title='bbox 1059 1760 1172 1864; x_wconf 73' lang='lat' dir='ltr'><strong>bona,¹</strong></span> <span class='ocrx_word' id='word_1_126' title='bbox 1223 1797 1226 1804; x_wconf 51' lang='lat'><strong>¹</strong></span> <span class='ocrx_word' id='word_1_127' title='bbox 1283 1753 1310 1786; x_wconf 55' lang='lat'><em>⁸</em></span> 
     </span>
    </p>
   </div>
   <div class='ocr_carea' id='block_1_7' title="bbox 142 1839 1155 1967">
    <p class='ocr_par' dir='ltr' id='par_1_12' title="bbox 142 1839 1155 1967">
     <span class='ocr_line' id='line_1_22' title="bbox 142 1839 1155 1967; baseline 0 -26"><span class='ocrx_word' id='word_1_128' title='bbox 142 1869 269 1966; x_wconf 88' lang='lat' dir='ltr'><strong>ipsum</strong></span> <span class='ocrx_word' id='word_1_129' title='bbox 291 1871 407 1958; x_wconf 86' lang='lat' dir='ltr'><strong>audite.</strong></span> <span class='ocrx_word' id='word_1_130' title='bbox 454 1839 489 1938; x_wconf 87' lang='lat' dir='ltr'><strong>Si</strong></span> <span class='ocrx_word' id='word_1_131' title='bbox 512 1872 606 1942; x_wconf 84' lang='lat' dir='ltr'><strong>vultis</strong></span> <span class='ocrx_word' id='word_1_132' title='bbox 629 1871 724 1956; x_wconf 88' lang='lat' dir='ltr'><strong>scire,</strong></span> <span class='ocrx_word' id='word_1_133' title='bbox 749 1870 825 1967; x_wconf 89' lang='lat' dir='ltr'><strong>quid</strong></span> <span class='ocrx_word' id='word_1_134' title='bbox 848 1871 890 1938; x_wconf 92' lang='lat' dir='ltr'><strong>sit</strong></span> <span class='ocrx_word' id='word_1_135' title='bbox 912 1895 1075 1940; x_wconf 88' lang='lat' dir='ltr'><strong>summum</strong></span> <span class='ocrx_word' id='word_1_136' title='bbox 1097 1871 1155 1941; x_wconf 90' lang='lat' dir='ltr'><strong>bo</strong></span> 
     </span>
    </p>
   </div>
   <div class='ocr_carea' id='block_1_8' title="bbox 53 1957 1272 2087">
    <p class='ocr_par' dir='ltr' id='par_1_13' title="bbox 53 1957 1272 2087">
     <span class='ocr_line' id='line_1_23' title="bbox 53 1957 1272 2087; baseline 0 -34"><span class='ocrx_word' id='word_1_137' title='bbox 53 2023 55 2030; x_wconf 41' lang='lat' dir='ltr'>v</span> <span class='ocrx_word' id='word_1_138' title='bbox 161 2010 268 2067; x_wconf 86' lang='lat' dir='ltr'><strong>unm,</strong></span> <span class='ocrx_word' id='word_1_139' title='bbox 257 1983 325 2054; x_wconf 88' lang='lat' dir='ltr'><strong>vel</strong></span> <span class='ocrx_word' id='word_1_140' title='bbox 348 2006 412 2079; x_wconf 85' lang='lat' dir='ltr'><strong>qua</strong></span> <span class='ocrx_word' id='word_1_141' title='bbox 434 1971 484 2052; x_wconf 90' lang='lat' dir='ltr'><strong>via</strong></span> <span class='ocrx_word' id='word_1_142' title='bbox 507 1982 548 2050; x_wconf 88' lang='lat' dir='ltr'><strong>sit</strong></span> <span class='ocrx_word' id='word_1_143' title='bbox 569 1973 616 2051; x_wconf 89' lang='lat' dir='ltr'><strong>ad</strong></span> <span class='ocrx_word' id='word_1_144' title='bbox 634 1957 712 2052; x_wconf 91' lang='lat' dir='ltr'><strong>illud</strong></span> <span class='ocrx_word' id='word_1_145' title='bbox 735 1981 1059 2087; x_wconf 83' lang='lat' dir='ltr'><strong>progrediendum,</strong></span> <span class='ocrx_word' id='word_1_146' title='bbox 1049 2007 1155 2075; x_wconf 76' lang='lat' dir='ltr'><strong>ipsum</strong></span> <span class='ocrx_word' id='word_1_147' title='bbox 1270 1979 1272 1990; x_wconf 77' lang='grc'><strong>’</strong></span> 
     </span>
    </p>
   </div>
   <div class='ocr_carea' id='block_1_9' title="bbox 43 2087 1156 2196">
    <p class='ocr_par' dir='ltr' id='par_1_14' title="bbox 43 2087 1156 2196">
     <span class='ocr_line' id='line_1_24' title="bbox 43 2087 1156 2196; baseline -0.004 -30"><span class='ocrx_word' id='word_1_148' title='bbox 43 2189 47 2196; x_wconf 12' lang='grc' dir='ltr'><strong><em>ἦ</em></strong></span> <span class='ocrx_word' id='word_1_149' title='bbox 109 2166 111 2170; x_wconf 12' lang='grc' dir='ltr'><em>Α</em></span> <span class='ocrx_word' id='word_1_150' title='bbox 162 2093 270 2166; x_wconf 85' lang='lat' dir='ltr'><strong>audite</strong></span> <span class='ocrx_word' id='word_1_151' title='bbox 296 2087 472 2178; x_wconf 86' lang='lat' dir='ltr'><strong>dicentem,</strong></span> <span class='ocrx_word' id='word_1_152' title='bbox 504 2119 565 2185; x_wconf 81' lang='lat' dir='ltr'><strong>ego</strong></span> <span class='ocrx_word' id='word_1_153' title='bbox 589 2121 660 2166; x_wconf 89' lang='lat' dir='ltr'><strong>snm</strong></span> <span class='ocrx_word' id='word_1_154' title='bbox 690 2094 742 2164; x_wconf 89' lang='lat' dir='ltr'><strong>via</strong></span> <span class='ocrx_word' id='word_1_155' title='bbox 772 2109 804 2162; x_wconf 79' lang='lat' dir='ltr'><strong>et</strong></span> <span class='ocrx_word' id='word_1_156' title='bbox 825 2092 942 2162; x_wconf 83' lang='lat' dir='ltr'><strong>veritas</strong></span> <span class='ocrx_word' id='word_1_157' title='bbox 972 2108 1004 2160; x_wconf 88' lang='lat' dir='ltr'><strong>et</strong></span> <span class='ocrx_word' id='word_1_158' title='bbox 1025 2091 1089 2162; x_wconf 87' lang='lat' dir='ltr'><strong>vita</strong></span> <span class='ocrx_word' id='word_1_159' title='bbox 1116 2101 1156 2181; x_wconf 92' lang='lat'><strong>¹)</strong></span> 
     </span>
    </p>
   </div>
   <div class='ocr_carea' id='block_1_10' title="bbox 161 2191 1204 2301">
    <p class='ocr_par' dir='ltr' id='par_1_15' title="bbox 161 2191 1204 2301">
     <span class='ocr_line' id='line_1_25' title="bbox 161 2191 1204 2301; baseline -0.006 -24"><span class='ocrx_word' id='word_1_160' title='bbox 161 2204 303 2278; x_wconf 89' lang='lat' dir='ltr'><strong>Nam</strong></span> <span class='ocrx_word' id='word_1_161' title='bbox 274 2229 342 2291; x_wconf 86' lang='lat' dir='ltr'><strong>vra,</strong></span> <span class='ocrx_word' id='word_1_162' title='bbox 365 2229 429 2301; x_wconf 85' lang='lat' dir='ltr'><strong>qua</strong></span> <span class='ocrx_word' id='word_1_163' title='bbox 452 2199 514 2275; x_wconf 85' lang='lat' dir='ltr'><strong>itur</strong></span> <span class='ocrx_word' id='word_1_164' title='bbox 537 2222 569 2276; x_wconf 92' lang='lat' dir='ltr'><strong>et</strong></span> <span class='ocrx_word' id='word_1_165' title='bbox 591 2191 707 2276; x_wconf 71' lang='lat' dir='ltr'><strong>veritas</strong></span> <span class='ocrx_word' id='word_1_166' title='bbox 731 2231 769 2274; x_wconf 89' lang='lat' dir='ltr'><strong>ac</strong></span> <span class='ocrx_word' id='word_1_167' title='bbox 791 2205 870 2288; x_wconf 89' lang='lat' dir='ltr'><strong>vita,</strong></span> <span class='ocrx_word' id='word_1_168' title='bbox 895 2229 959 2300; x_wconf 91' lang='lat' dir='ltr'><strong>quo</strong></span> <span class='ocrx_word' id='word_1_169' title='bbox 982 2203 1060 2290; x_wconf 89' lang='lat' dir='ltr'><strong>itur,</strong></span> <span class='ocrx_word' id='word_1_170' title='bbox 1084 2203 1155 2300; x_wconf 86' lang='lat' dir='ltr'><strong>ipse</strong></span> <span class='ocrx_word' id='word_1_171' title='bbox 1199 2235 1204 2242; x_wconf 88' lang='lat'>·</span> 
     </span>
    </p>
   </div>
   <div class='ocr_carea' id='block_1_11' title="bbox 41 2311 1220 2416">
    <p class='ocr_par' dir='ltr' id='par_1_16' title="bbox 41 2311 1220 2416">
     <span class='ocr_line' id='line_1_26' title="bbox 41 2311 1220 2416; baseline 0.003 -33"><span class='ocrx_word' id='word_1_172' title='bbox 41 2368 59 2383; x_wconf 83' lang='lat'><strong>..</strong></span> <span class='ocrx_word' id='word_1_173' title='bbox 100 2329 107 2338; x_wconf 86' lang='lat'><strong><em>‘</em></strong></span> <span class='ocrx_word' id='word_1_174' title='bbox 163 2335 228 2401; x_wconf 88' lang='lat' dir='ltr'><strong>est,</strong></span> <span class='ocrx_word' id='word_1_175' title='bbox 258 2317 364 2413; x_wconf 86' lang='lat' dir='ltr'><strong>ipsum</strong></span> <span class='ocrx_word' id='word_1_176' title='bbox 388 2317 506 2390; x_wconf 89' lang='lat' dir='ltr'><strong>audite.</strong></span> <span class='ocrx_word' id='word_1_177' title='bbox 540 2316 586 2416; x_wconf 14' lang='lat' dir='ltr'><strong>&#39;Si</strong></span> <span class='ocrx_word' id='word_1_178' title='bbox 615 2314 697 2388; x_wconf 80' lang='lat' dir='ltr'><strong>forte</strong></span> <span class='ocrx_word' id='word_1_179' title='bbox 726 2316 834 2398; x_wconf 88' lang='lat' dir='ltr'><strong>invia</strong></span> <span class='ocrx_word' id='word_1_180' title='bbox 862 2315 924 2404; x_wconf 78' lang='lat' dir='ltr'><strong>bac</strong></span> <span class='ocrx_word' id='word_1_181' title='bbox 951 2311 1155 2387; x_wconf 85' lang='lat' dir='ltr'><strong>ambulantes</strong></span> <span class='ocrx_word' id='word_1_182' title='bbox 1215 2333 1220 2344; x_wconf 79' lang='grc'><strong><em>’</em></strong></span> 
     </span>
    </p>
   </div>
   <div class='ocr_carea' id='block_1_12' title="bbox 163 2418 1229 2744">
    <p class='ocr_par' dir='ltr' id='par_1_17' title="bbox 163 2418 1229 2744">
     <span class='ocr_line' id='line_1_27' title="bbox 165 2418 1154 2524; baseline 0.002 -26"><span class='ocrx_word' id='word_1_183' title='bbox 165 2430 243 2498; x_wconf 87' lang='lat' dir='ltr'><strong>estis</strong></span> <span class='ocrx_word' id='word_1_184' title='bbox 262 2431 369 2499; x_wconf 88' lang='lat' dir='ltr'><strong>tristes</strong></span> <span class='ocrx_word' id='word_1_185' title='bbox 391 2455 465 2500; x_wconf 84' lang='lat' dir='ltr'><strong>cnm</strong></span> <span class='ocrx_word' id='word_1_186' title='bbox 486 2427 651 2524; x_wconf 89' lang='lat' dir='ltr'><strong>discipulis</strong></span> <span class='ocrx_word' id='word_1_187' title='bbox 673 2427 820 2504; x_wconf 86' lang='lat' dir='ltr'><strong>euntibus</strong></span> <span class='ocrx_word' id='word_1_188' title='bbox 843 2426 1026 2512; x_wconf 81' lang='lat' dir='ltr'><strong>Emmaum,</strong></span> <span class='ocrx_word' id='word_1_189' title='bbox 1048 2418 1154 2523; x_wconf 82' lang='lat' dir='ltr'><strong>ipsum</strong></span> 
     </span>
     <span class='ocr_line' id='line_1_28' title="bbox 163 2537 1155 2624; baseline 0.003 -17"><span class='ocrx_word' id='word_1_190' title='bbox 163 2539 270 2609; x_wconf 80' lang='lat' dir='ltr'><strong>audite</strong></span> <span class='ocrx_word' id='word_1_191' title='bbox 294 2540 511 2610; x_wconf 88' lang='lat' dir='ltr'><strong>ambulantem</strong></span> <span class='ocrx_word' id='word_1_192' title='bbox 534 2541 700 2610; x_wconf 90' lang='lat' dir='ltr'><strong>vobiscum</strong></span> <span class='ocrx_word' id='word_1_193' title='bbox 724 2556 756 2610; x_wconf 90' lang='lat' dir='ltr'><strong>ot</strong></span> <span class='ocrx_word' id='word_1_194' title='bbox 779 2537 1004 2609; x_wconf 87' lang='lat' dir='ltr'><strong>consolantem</strong></span> <span class='ocrx_word' id='word_1_195' title='bbox 1025 2566 1095 2624; x_wconf 89' lang='lat' dir='ltr'><strong>vos,</strong></span> <span class='ocrx_word' id='word_1_196' title='bbox 1119 2556 1155 2610; x_wconf 84' lang='lat' dir='ltr'><strong>ut</strong></span> 
     </span>
     <span class='ocr_line' id='line_1_29' title="bbox 163 2645 1229 2744; baseline 0.003 -24"><span class='ocrx_word' id='word_1_197' title='bbox 163 2650 295 2720; x_wconf 90' lang='lat' dir='ltr'><strong>tandem</strong></span> <span class='ocrx_word' id='word_1_198' title='bbox 318 2649 407 2719; x_wconf 87' lang='lat' dir='ltr'><strong>stulti</strong></span> <span class='ocrx_word' id='word_1_199' title='bbox 429 2645 461 2721; x_wconf 87' lang='lat' dir='ltr'><strong>et</strong></span> <span class='ocrx_word' id='word_1_200' title='bbox 483 2652 566 2728; x_wconf 87' lang='lat' dir='ltr'><strong>tardi</strong></span> <span class='ocrx_word' id='word_1_201' title='bbox 590 2653 698 2722; x_wconf 89' lang='lat' dir='ltr'><strong>cordis</strong></span> <span class='ocrx_word' id='word_1_202' title='bbox 720 2650 943 2744; x_wconf 83' lang='lat' dir='ltr'><strong>accendamini</strong></span> <span class='ocrx_word' id='word_1_203' title='bbox 971 2666 1012 2719; x_wconf 89' lang='lat' dir='ltr'><strong>et·</strong></span> <span class='ocrx_word' id='word_1_204' title='bbox 1026 2651 1154 2739; x_wconf 81' lang='lat' dir='ltr'><strong>dicatis:</strong></span> <span class='ocrx_word' id='word_1_205' title='bbox 1175 2679 1185 2700; x_wconf 66' lang='lat' dir='ltr'><em>s</em></span> <span class='ocrx_word' id='word_1_206' title='bbox 1226 2729 1229 2734; x_wconf 62' lang='grc'><em>,</em></span> 
     </span>
    </p>
   </div>
   <div class='ocr_carea' id='block_1_13' title="bbox 120 2762 1302 2849">
    <p class='ocr_par' dir='ltr' id='par_1_18' title="bbox 120 2762 1302 2866">
     <span class='ocr_line' id='line_1_30' title="bbox 120 2762 1302 2849; baseline 0.003 -18"><span class='ocrx_word' id='word_1_207' title='bbox 120 2793 124 2806; x_wconf 53' lang='lat'><strong>¹</strong></span> <span class='ocrx_word' id='word_1_208' title='bbox 162 2785 273 2832; x_wconf 86' lang='lat' dir='ltr'><strong>nonne</strong></span> <span class='ocrx_word' id='word_1_209' title='bbox 294 2769 327 2849; x_wconf 78' lang='lat'><strong>²)</strong></span> <span class='ocrx_word' id='word_1_210' title='bbox 352 2786 408 2830; x_wconf 91' lang='lat' dir='ltr'><strong>cor</strong></span> <span class='ocrx_word' id='word_1_211' title='bbox 427 2776 573 2830; x_wconf 89' lang='lat' dir='ltr'><strong>nostrum</strong></span> <span class='ocrx_word' id='word_1_212' title='bbox 596 2791 625 2835; x_wconf 88' lang='lat' dir='ltr'><strong>a.</strong></span> <span class='ocrx_word' id='word_1_213' title='bbox 647 2791 675 2838; x_wconf 91' lang='lat' dir='ltr'><strong>e.</strong></span> <span class='ocrx_word' id='word_1_214' title='bbox 696 2765 717 2833; x_wconf 86' lang='lat' dir='ltr'><strong>i.</strong></span> <span class='ocrx_word' id='word_1_215' title='bbox 740 2790 774 2834; x_wconf 88' lang='lat' dir='ltr'><strong>n.</strong></span> <span class='ocrx_word' id='word_1_216' title='bbox 796 2763 836 2832; x_wconf 90' lang='lat' dir='ltr'><strong>de</strong></span> <span class='ocrx_word' id='word_1_217' title='bbox 856 2762 879 2836; x_wconf 90' lang='lat' dir='ltr'><strong>i.</strong></span> <span class='ocrx_word' id='word_1_218' title='bbox 904 2763 935 2831; x_wconf 90' lang='lat' dir='ltr'><strong>d.</strong></span> <span class='ocrx_word' id='word_1_219' title='bbox 958 2762 980 2831; x_wconf 82' lang='lat' dir='ltr'><strong>l.</strong></span> <span class='ocrx_word' id='word_1_220' title='bbox 1002 2789 1039 2835; x_wconf 80' lang='lat' dir='ltr'><strong>n..</strong></span> <span class='ocrx_word' id='word_1_221' title='bbox 1057 2764 1079 2832; x_wconf 93' lang='lat' dir='ltr'><strong>i.</strong></span> <span class='ocrx_word' id='word_1_222' title='bbox 1101 2764 1154 2834; x_wconf 90' lang='lat' dir='ltr'><strong>via</strong></span> <span class='ocrx_word' id='word_1_223' title='bbox 1291 2783 1302 2792; x_wconf 88' lang='grc'><em>“</em></span> 
     </span>
    </p>
   </div>
   <div class='ocr_carea' id='block_1_14' title="bbox 162 2869 1245 3081">
    <p class='ocr_par' dir='ltr' id='par_1_19' title="bbox 162 2869 1245 3081">
     <span class='ocr_line' id='line_1_31' title="bbox 165 2869 1153 2970; baseline 0.001 -27"><span class='ocrx_word' id='word_1_224' title='bbox 165 2887 198 2943; x_wconf 90' lang='lat' dir='ltr'><strong>et</strong></span> <span class='ocrx_word' id='word_1_225' title='bbox 232 2873 371 2968; x_wconf 87' lang='lat' dir='ltr'><strong>aperiret</strong></span> <span class='ocrx_word' id='word_1_226' title='bbox 399 2873 493 2942; x_wconf 91' lang='lat' dir='ltr'><strong>nobis</strong></span> <span class='ocrx_word' id='word_1_227' title='bbox 531 2875 731 2968; x_wconf 80' lang='lat' dir='ltr'><strong>scripturas?</strong></span> <span class='ocrx_word' id='word_1_228' title='bbox 777 2876 851 2968; x_wconf 89' lang='lat' dir='ltr'><strong>lpse</strong></span> <span class='ocrx_word' id='word_1_229' title='bbox 887 2889 958 2957; x_wconf 88' lang='lat' dir='ltr'><strong>est,</strong></span> <span class='ocrx_word' id='word_1_230' title='bbox 992 2869 1048 2970; x_wconf 87' lang='lat' dir='ltr'><strong>qui</strong></span> <span class='ocrx_word' id='word_1_231' title='bbox 1076 2876 1153 2944; x_wconf 88' lang='lat' dir='ltr'><strong>scri·</strong></span> 
     </span>
     <span class='ocr_line' id='line_1_32' title="bbox 162 2983 1245 3081; baseline 0 -27"><span class='ocrx_word' id='word_1_232' title='bbox 162 3002 274 3080; x_wconf 84' lang='lat' dir='ltr'><strong>pturas</strong></span> <span class='ocrx_word' id='word_1_233' title='bbox 308 2983 544 3062; x_wconf 85' lang='lat' dir='ltr'><strong>ambulantibus</strong></span> <span class='ocrx_word' id='word_1_234' title='bbox 582 2985 616 3052; x_wconf 91' lang='lat' dir='ltr'><strong>in</strong></span> <span class='ocrx_word' id='word_1_235' title='bbox 650 3011 686 3054; x_wconf 87' lang='lat' dir='ltr'><strong>se</strong></span> <span class='ocrx_word' id='word_1_236' title='bbox 715 2984 776 3078; x_wconf 72' lang='lat' dir='ltr'><strong>uia·</strong></span> <span class='ocrx_word' id='word_1_237' title='bbox 808 3001 839 3054; x_wconf 91' lang='lat' dir='ltr'><strong>et</strong></span> <span class='ocrx_word' id='word_1_238' title='bbox 876 2985 1007 3056; x_wconf 82' lang='lat' dir='ltr'><strong>veritate</strong></span> <span class='ocrx_word' id='word_1_239' title='bbox 1042 2987 1153 3081; x_wconf 89' lang='lat' dir='ltr'><strong>aperit,</strong></span> <span class='ocrx_word' id='word_1_240' title='bbox 1222 3013 1245 3054; x_wconf 51' lang='lat' dir='ltr'>x</span> 
     </span>
    </p>
   </div>
   <div class='ocr_carea' id='block_1_15' title="bbox 49 3093 1267 3291">
    <p class='ocr_par' dir='ltr' id='par_1_20' title="bbox 49 3093 1267 3291">
     <span class='ocr_line' id='line_1_33' title="bbox 49 3093 1267 3196; baseline 0.002 -30"><span class='ocrx_word' id='word_1_241' title='bbox 49 3192 50 3196; x_wconf 7' lang='grc' dir='ltr'><strong>Ἰ</strong></span> <span class='ocrx_word' id='word_1_242' title='bbox 161 3098 268 3193; x_wconf 85' lang='lat' dir='ltr'><strong>ipsum</strong></span> <span class='ocrx_word' id='word_1_243' title='bbox 291 3095 409 3165; x_wconf 87' lang='lat' dir='ltr'><strong>audite.</strong></span> <span class='ocrx_word' id='word_1_244' title='bbox 445 3097 557 3190; x_wconf 88' lang='lat' dir='ltr'><strong>Aperit</strong></span> <span class='ocrx_word' id='word_1_245' title='bbox 580 3111 612 3165; x_wconf 90' lang='lat' dir='ltr'><strong>et</strong></span> <span class='ocrx_word' id='word_1_246' title='bbox 634 3120 731 3165; x_wconf 86' lang='lat' dir='ltr'><strong>nemo</strong></span> <span class='ocrx_word' id='word_1_247' title='bbox 753 3097 883 3182; x_wconf 90' lang='lat' dir='ltr'><strong>claudit,</strong></span> <span class='ocrx_word' id='word_1_248' title='bbox 905 3097 1012 3192; x_wconf 87' lang='lat' dir='ltr'><strong>ipsum</strong></span> <span class='ocrx_word' id='word_1_249' title='bbox 1031 3097 1182 3168; x_wconf 80' lang='lat' dir='ltr'><strong>audiret·</strong></span> <span class='ocrx_word' id='word_1_250' title='bbox 1264 3093 1267 3110; x_wconf 62' lang='lat'><strong>¹</strong></span> 
     </span>
     <span class='ocr_line' id='line_1_34' title="bbox 124 3206 1172 3291; baseline 0.001 -13"><span class='ocrx_word' id='word_1_251' title='bbox 124 3243 125 3249; x_wconf 45' lang='lat'><strong>¹</strong></span> <span class='ocrx_word' id='word_1_252' title='bbox 162 3207 525 3290; x_wconf 74' lang='lat' dir='ltr'><strong>Ambulantibnsdicit,</strong></span> <span class='ocrx_word' id='word_1_253' title='bbox 551 3206 655 3276; x_wconf 88' lang='lat' dir='ltr'><strong>bonas</strong></span> <span class='ocrx_word' id='word_1_254' title='bbox 678 3206 773 3276; x_wconf 86' lang='lat' dir='ltr'><strong>facite</strong></span> <span class='ocrx_word' id='word_1_255' title='bbox 797 3208 864 3276; x_wconf 87' lang='lat' dir='ltr'><strong>vias</strong></span> <span class='ocrx_word' id='word_1_256' title='bbox 886 3226 1009 3280; x_wconf 83' lang='lat' dir='ltr'><strong>vestras</strong></span> <span class='ocrx_word' id='word_1_257' title='bbox 1033 3225 1065 3279; x_wconf 89' lang='lat' dir='ltr'><strong>et</strong></span> <span class='ocrx_word' id='word_1_258' title='bbox 1086 3206 1172 3291; x_wconf 70' lang='lat' dir='ltr'><strong>slu-¹</strong></span> 
     </span>
    </p>
   </div>
   <div class='ocr_carea' id='block_1_16' title="bbox 122 3317 1153 3646">
    <p class='ocr_par' dir='ltr' id='par_1_21' title="bbox 122 3307 1153 3646">
     <span class='ocr_line' id='line_1_35' title="bbox 163 3317 1153 3413; baseline 0.004 -24"><span class='ocrx_word' id='word_1_259' title='bbox 163 3319 217 3389; x_wconf 83' lang='lat' dir='ltr'><strong>dia</strong></span> <span class='ocrx_word' id='word_1_260' title='bbox 238 3336 360 3402; x_wconf 83' lang='lat' dir='ltr'><strong>vestra,</strong></span> <span class='ocrx_word' id='word_1_261' title='bbox 383 3319 487 3413; x_wconf 90' lang='lat' dir='ltr'><strong>ipsum</strong></span> <span class='ocrx_word' id='word_1_262' title='bbox 511 3318 628 3387; x_wconf 87' lang='lat' dir='ltr'><strong>audite.</strong></span> <span class='ocrx_word' id='word_1_263' title='bbox 663 3317 930 3388; x_wconf 76' lang='lat' dir='ltr'><strong>Peruenieutibus</strong></span> <span class='ocrx_word' id='word_1_264' title='bbox 955 3318 1039 3404; x_wconf 87' lang='lat' dir='ltr'><strong>dicit,</strong></span> <span class='ocrx_word' id='word_1_265' title='bbox 1065 3322 1153 3393; x_wconf 87' lang='lat' dir='ltr'><strong>babi-</strong></span> 
     </span>
     <span class='ocr_line' id='line_1_36' title="bbox 162 3429 1152 3530; baseline 0.003 -29"><span class='ocrx_word' id='word_1_266' title='bbox 162 3431 239 3502; x_wconf 85' lang='lat' dir='ltr'><strong>tabo</strong></span> <span class='ocrx_word' id='word_1_267' title='bbox 273 3431 453 3515; x_wconf 90' lang='lat' dir='ltr'><strong>vobiscum,</strong></span> <span class='ocrx_word' id='word_1_268' title='bbox 487 3431 593 3525; x_wconf 89' lang='lat' dir='ltr'><strong>ipsum</strong></span> <span class='ocrx_word' id='word_1_269' title='bbox 628 3429 744 3499; x_wconf 84' lang='lat' dir='ltr'><strong>audite.</strong></span> <span class='ocrx_word' id='word_1_270' title='bbox 804 3429 929 3524; x_wconf 81' lang='lat' dir='ltr'><strong>Legem</strong></span> <span class='ocrx_word' id='word_1_271' title='bbox 951 3434 1152 3530; x_wconf 71' lang='lat' dir='ltr'><strong>naturalem,</strong></span> 
     </span>
     <span class='ocr_line' id='line_1_37' title="bbox 122 3533 1151 3646; baseline 0.003 -34"><span class='ocrx_word' id='word_1_272' title='bbox 122 3569 125 3582; x_wconf 88' lang='lat'>·</span> <span class='ocrx_word' id='word_1_273' title='bbox 161 3547 259 3640; x_wconf 67' lang='lat' dir='ltr'><strong>‘quam</strong></span> <span class='ocrx_word' id='word_1_274' title='bbox 297 3545 443 3638; x_wconf 79' lang='lat' dir='ltr'><strong>paganus</strong></span> <span class='ocrx_word' id='word_1_275' title='bbox 484 3542 697 3646; x_wconf 84' lang='lat' dir='ltr'><strong>philosophus</strong></span> <span class='ocrx_word' id='word_1_276' title='bbox 738 3539 883 3628; x_wconf 81' lang='lat' dir='ltr'><strong>defendit</strong></span> <span class='ocrx_word' id='word_1_277' title='bbox 892 3561 920 3627; x_wconf 74' lang='lat'><strong>,¹</strong></span> <span class='ocrx_word' id='word_1_278' title='bbox 938 3545 1008 3639; x_wconf 86' lang='lat' dir='ltr'><strong>ipse</strong></span> <span class='ocrx_word' id='word_1_279' title='bbox 1047 3533 1151 3615; x_wconf 73' lang='lat' dir='ltr'><strong>docet.</strong></span> 
     </span>
    </p>
   </div>
   <div class='ocr_carea' id='block_1_17' title="bbox 100 3753 545 3982">
    <p class='ocr_par' dir='ltr' id='par_1_22' title="bbox 100 3753 545 3982">
     <span class='ocr_line' id='line_1_38' title="bbox 145 3753 545 3900; baseline -0.003 -26.834"><span class='ocrx_word' id='word_1_280' title='bbox 145 3789 325 3894; x_wconf 58' lang='grc' dir='ltr'><strong>Ι’1),ῐιιιιιιι</strong></span> <span class='ocrx_word' id='word_1_281' title='bbox 343 3814 414 3884; x_wconf 80' lang='lat' dir='ltr'><strong>XIV</strong></span> <span class='ocrx_word' id='word_1_282' title='bbox 431 3819 456 3872; x_wconf 83' lang='lat'><strong>6</strong></span> <span class='ocrx_word' id='word_1_283' title='bbox 484 3753 490 3774; x_wconf 80' lang='lat'>⁸</span> <span class='ocrx_word' id='word_1_284' title='bbox 544 3897 545 3900; x_wconf 8' lang='grc' dir='ltr'><strong>Ἴ</strong></span> 
     </span>
     <span class='ocr_line' id='line_1_39' title="bbox 100 3893 470 3982; baseline 0 -16"><span class='ocrx_word' id='word_1_285' title='bbox 100 3911 104 3932; x_wconf 81' lang='grc'><strong><em>’</em></strong></span> <span class='ocrx_word' id='word_1_286' title='bbox 179 3908 294 3982; x_wconf 49' lang='lat' dir='ltr'><strong>mlum</strong></span> <span class='ocrx_word' id='word_1_287' title='bbox 311 3893 410 3979; x_wconf 78' lang='grc' dir='ltr'><em>ΧΧΝ,</em></span> <span class='ocrx_word' id='word_1_288' title='bbox 427 3913 470 3966; x_wconf 71' lang='lat'><strong>32</strong></span> 
     </span>
    </p>
   </div>
   <div class='ocr_carea' id='block_1_18' title="bbox 0 0 1409 4492">
    <p class='ocr_par' dir='ltr' id='par_1_23' title="bbox 0 0 1409 4492">
     <span class='ocr_line' id='line_1_40' title="bbox 0 0 1409 4492; baseline 0 0"><span class='ocrx_word' id='word_1_289' title='bbox 0 0 1409 4492; x_wconf 95' lang='lat' dir='ltr'><strong> </strong></span> 
     </span>
    </p>
   </div>
  </div>
 </body>
</html>
