2740 4486
277 241 333 320 90

276 421 512 476 sacramentum
534 413 765 482 reiterandum.
804 415 920 501 Neque
937 419 1051 484 endem
1066 419 1175 486 hostie
1193 443 1268 512 cong

274 539 418 588 serretur
441 513 510 603 bis,
534 549 606 594 curn
628 540 736 596 tamen
758 532 844 596 idem
868 554 983 615 corpus
1005 533 1047 598 ab
1068 538 1182 602 eodem
1202 537 1268 600 fre·

276 648 413 720 quanter
433 653 590 704 sumatur.

645 917 751 1003 Caput
770 919 903 988 XXXI.

270 1053 314 1108 De
333 1054 449 1126 conjugii
468 1061 641 1108 sacramento
665 1063 695 1109 et
718 1057 791 1125 quod
815 1073 869 1108 non
893 1055 1002 1109 confert
1023 1046 1135 1124 aliquod
1154 1055 1267 1116 dorium,

274 1138 279 1146 ⁴
461 1157 534 1208 sicut
552 1162 646 1210 cetera
663 1157 779 1210 faciunt.
810 1156 880 1209 Item
899 1156 934 1210 de
953 1158 1080 1209 caritate.
1168 1221 1171 1226 Ι

354 1301 449 1368 Nono
472 1303 519 1384 de
537 1304 690 1387 conjugio
720 1302 890 1366 dicendum
919 1313 990 1381 est,
1021 1303 1107 1386 quod
1136 1304 1267 1384 quidem

269 1428 507 1481 recrementum
530 1429 599 1496 est,
630 1415 689 1480 sed
719 1437 784 1480 non
814 1413 942 1478 confert
970 1414 1104 1500 aliquod
1133 1417 1267 1494 donum,

269 1531 353 1594 sicut
375 1541 486 1592 cetera
506 1528 648 1606 faciunt,
677 1527 737 1590 sed
760 1539 868 1592 tamen
890 1529 971 1592 mali
1000 1529 1180 1592 remedium
1202 1543 1267 1592 est.

268 1641 376 1706 Datur
409 1643 495 1706 enim
530 1642 965 1724 propterinoontinentimn
998 1641 1265 1720 refroenandam,

266 1755 353 1818 unde
376 1755 478 1840 magis
503 1756 544 1818 ad
565 1753 802 1838 indulgentiam
824 1757 973 1835 pertinet.
1009 1752 1065 1816 Sic
1080 1765 1187 1816 autern
1203 1753 1267 1816 dit-

266 1867 401 1932 finitur:
434 1870 622 1952 conjugium
645 1880 696 1930 est
716 1868 815 1930 maris
838 1879 871 1930 et
892 1867 1057 1931 foemineo
1080 1867 1266 1931 foederatio

264 1980 434 2066 legitima,
454 1993 587 2062 propter
609 2001 705 2066 quam
726 1980 806 2046 licet
829 1982 877 2044 eis
900 1982 972 2045 sine
996 1980 1090 2063 culpe
1113 1983 1266 2045 commis·

265 2096 344 2157 ceri.
374 2095 570 2158 Foederatio
600 2115 679 2157 vero
710 2092 776 2156 elia
801 2105 852 2156 est
879 2092 920 2158 de
948 2096 1103 2180 conjugio
1134 2109 1265 2160 contra-

265 2206 392 2285 hendo,
416 2219 451 2270 ut
473 2219 542 2284 est,
567 2207 695 2290 quondo
716 2207 895 2288 promittit,
919 2206 1005 2292 quod
1027 2230 1099 2272 eom
1122 2212 1266 2292 accipiat

263 2319 328 2383 sibi
357 2340 516 2398 uxorem,
548 2319 617 2382 alia
645 2321 811 2404 conjugii,
841 2332 877 2382 ut
905 2319 1032 2402 quando
1064 2320 1162 2400 dicit,
1196 2336 1265 2388 tra-

263 2433 306 2497 do
330 2454 383 2498 me
405 2431 464 2496 tibi
487 2433 529 2496 ed
551 2453 644 2496 usum
667 2435 774 2496 cernis
804 2455 920 2512 meae,
948 2437 996 2498 ita
1025 2447 1077 2513 ut,
1109 2437 1265 2518 quamdiu

260 2547 405 2623 vixeris,
429 2566 569 2608 nonme
593 2543 652 2606 alii
672 2545 881 2630 ¹conjungam.
915 2548 960 2610 Et
978 2545 1059 2611 haee
1076 2547 1263 2612 foederatio
1349 2623 1351 2640 ⁴

261 2643 406 2742 adprime
429 2659 509 2722 fucit
532 2659 733 2741 conjugium.
777 2656 952 2722 Sciendum
974 2681 1053 2723 vero
1078 2674 1148 2740 est,
1173 2665 1262 2746 quod
1349 2649 1351 2706 4

259 2772 294 2858 in
318 2771 381 2836 hoo
405 2783 611 2836 sacramento
634 2769 740 2835 multe
761 2769 840 2834 olim
867 2771 1001 2836 suerunt
1029 2772 1143 2864 licite,
1177 2800 1263 2858 quae

259 2887 357 2960 modo
379 2885 472 2950 licita
496 2906 560 2948 non
584 2895 682 2963 sunt,
716 2886 791 2968 quie
812 2887 847 2948 in
868 2888 973 2951 veteri
997 2898 1194 2965 testamento
1217 2889 1263 2955 li-

260 3001 356 3066 cebat
378 3002 434 3064 uni
456 2981 575 3064 multes
598 3022 719 3064 uxores
743 2999 881 3080 habere,
908 3012 944 3064 ut
961 3002 1099 3084 populus
1119 3002 1183 3066 Dei
1201 3025 1262 3066 au·

260 3126 410 3200 geretur,
432 3115 493 3178 sed
514 3135 580 3178 non
602 3112 731 3178 mulieri
753 3113 872 3179 multos
894 3115 1002 3194 viros,
1037 3119 1113 3200 quia
1134 3118 1262 3182 multae

255 3242 395 3312 possunt
418 3250 461 3294 ex
483 3249 547 3292 uno
570 3227 782 3306 foecundari,
809 3227 869 3291 sed
891 3249 957 3292 non
978 3251 1044 3292 unu
1067 3252 1110 3294 ex
1132 3229 1261 3296 multiS.

255 3338 353 3408 Nunc
376 3363 454 3406 vero
477 3338 662 3418 nonlicet,
692 3340 769 3422 quia
796 3337 934 3422 populus
963 3341 1030 3405 Dei
1056 3354 1170 3407 auctus
1194 3357 1260 3408 est.

253 3457 366 3542 Etiam
402 3467 477 3521 tuno
506 3453 639 3539 regibus
667 3474 733 3517 non
763 3452 886 3518 licebat
919 3454 1038 3520 multas
1068 3457 1127 3521 sed
1157 3479 1260 3524 unam
1346 3543 1347 3546 Ἴ

253 3569 379 3636 habere
407 3583 444 3634 ut
464 3567 603 3634 subditis
632 3567 700 3630 suis
729 3567 901 3650 providere
920 3582 1067 3650 possent.
1111 3569 1147 3633 Si
1167 3573 1258 3638 enim

251 3682 375 3750 multas
397 3681 576 3759 haberent,
601 3701 713 3746 earum
742 3679 968 3746 sollicitudine
997 3685 1123 3748 animus
1151 3684 1259 3764 impe.

250 3798 379 3864 diretnr
407 3811 441 3862 et
468 3799 516 3862 ita
543 3795 892 3878 minusproviderent.
946 3795 1044 3872 Quod
1073 3819 1151 3862 vero
1182 3796 1258 3863 Da·-

1346 3629 1348 3660 l

1345 3797 1347 3864 l

192 3915 196 3924 '
249 3911 304 3985 rid
327 3921 363 3978 et
386 3908 544 3978 Salomon
565 3906 687 3977 multas
718 3906 918 3988 babuerunt,
948 3907 1047 3994 plane
1069 3921 1181 3976 contra
1201 3909 1258 3976 lea
