2798 4486
1109 250 1157 329 77

157 417 247 513 guis,
276 419 360 516 quae
384 415 590 490 observantia
611 433 754 493 vocatur.
799 415 863 488 Hic
883 418 981 513 igitur
1002 419 1158 492 obedieu-

157 529 220 600 tiae
242 529 392 600 νίτιιιιεηι
415 546 545 602 constat
565 529 698 616 includi,
721 554 786 626 qna
806 530 954 604 videlicet
975 533 1156 629 praeceptis
1210 591 1212 600 .

157 643 362 740 superiorum
390 643 664 738 obtemperando,
697 641 774 712 binc
804 656 936 740 quoque
964 643 1027 714 illis
1050 620 1157 714 bono·

155 781 226 825 rem
249 753 435 834 deserimus,
459 755 549 850 quod
570 754 775 826 rationabilia
798 781 911 826 eorum
932 756 1078 827 instituta
1100 782 1169 838 ne·,

157 891 323 966 quaquam
344 867 594 939 contemnimus.
615 909 661 924 -
862 860 865 871 ⁴

486 976 579 1068 Quid
605 978 831 1050 beneficdutia.

222 1089 468 1162 ·Beuelicentia
482 1116 559 1161 vero
583 1106 643 1176 est,
664 1117 724 1187 per
747 1117 845 1187 quam
863 1090 1156 1164 necessitudinibus

157 1202 453 1298 bominumopanr
483 1202 624 1274 debitam
647 1203 763 1275 afferre
785 1203 926 1300 prompti
949 1228 1077 1290 sumus,
1104 1203 1156 1275 vel

158 1313 378 1406 indigentibus
401 1314 524 1399 scilicet
545 1315 733 1386 necessaria
755 1315 882 1401 dando,
914 1340 999 1412 quae
1025 1314 1158 1412 largitas

158 1427 288 1512 dicitur,
316 1453 388 1497 cum
416 1427 450 1497 in
476 1426 647 1521 superfluis
670 1427 881 1523 prodigalitas
905 1426 1078 1512 consistat,
1106 1426 1157 1499 vel

156 1539 316 1611 violenter
338 1563 516 1634 oppressos
539 1537 707 1610 liberando
731 1543 806 1633 (37.
826 1539 886 1628 V.)
909 1563 993 1636 quae
1017 1536 1158 1610 clemen·

157 1651 202 1722 tia
229 1668 371 1724 vocatur.
415 1650 675 1721 Misericordiam
705 1667 815 1723 autem
844 1650 1012 1722 amiseris
1034 1653 1080 1722 ita
1100 1676 1158 1723 vo·

157 1781 280 1861 catam,
313 1765 454 1857 majoros
477 1763 580 1833 nostri
600 1763 712 1834 vitium
734 1763 843 1860 potius
861 1778 900 1834 et
922 1763 1087 1860 quandam
1107 1763 1158 1832 in-

156 1875 340 1947 firmitatem
362 1872 477 1958 animi,
503 1898 602 1970 quam
624 1875 772 1946 virtutem
795 1860 957 1959 dixerunt,
978 1901 1038 1971 per
1060 1899 1159 1972 quam

157 1988 307 2060 videlieet
338 1985 409 2057 aliis
437 2011 477 2056 eo
506 2001 633 2056 tantum
661 2012 726 2082 qno
756 1987 943 2081 affliguntur
971 1986 1159 2057 naturaliter

159 2098 389 2196 compatiendo
405 2097 575 2168 subvenire
596 2096 754 2195 cupimus.
787 2096 969 2167 Clementia
980 2123 1057 2168 vero
1073 2123 1157 2169 non·

156 2213 221 2284 nisi
235 2209 419 2282 rationabili
441 2207 562 2280 affectu
583 2210 626 2280 ad
649 2209 906 2280 subveniendum
921 2208 1081 2304 aliquibus
1096 2209 1159 2280 ier·
1201 2271 1202 2276 ,

158 2343 228 2410 tur,
261 2350 324 2394 nec
353 2338 420 2392 mm
450 2321 540 2416 quod
568 2321 770 2416 affliguntur,
806 2345 904 2419 quam
927 2321 1016 2418 qnod
1038 2322 1158 2417 injuste

159 2437 346 2532 affliguntur
360 2434 505 2519 attendit,
527 2449 563 2502 nt
577 2433 751 2527 injustitiae
767 2432 929 2504 obviando
943 2432 1084 2527 justitiae
1099 2435 1158 2506 ob·

158 2562 328 2643 temperet.
366 2544 521 2643 Alioquin
543 2545 684 2641 justitiae
708 2571 777 2616 nou
800 2559 876 2613 sunt
892 2568 1002 2640 opera,
1025 2547 1157 2641 quando

96 2685 98 2697 ·
159 2662 230 2732 aliis
253 2658 478 2736 subvenimus,
508 2657 571 2728 nisi
598 2657 633 2727 in
655 2658 720 2727 boc
746 2682 806 2728 sua
833 2654 949 2751 cuique
972 2657 1158 2729 reddamus.

159 2773 284 2844 Sedet
312 2797 388 2840 cum
416 2770 515 2839 virtus
545 2769 673 2839 babitus
703 2769 745 2839 sit
772 2768 886 2852 animi,
916 2791 1030 2866 quem,
1058 2784 1094 2837 ut
1121 2797 1159 2840 ex

159 2881 379 2980 superioribus
414 2881 530 2978 liquet,
566 2908 626 2977 per
658 2880 908 2976 applicationem
936 2880 987 2950 vel
1015 2881 1158 2952 studium

157 2996 276 3090 magis,
298 3018 395 3091 quam
418 3019 478 3092 per
498 2989 648 3064 naturam
662 2993 774 3061 baberi
790 3008 928 3077 constat,
950 3017 1157 3089 nequaquam

158 3106 231 3176 talis
267 3106 452 3200 compassio
481 3104 635 3176 naturalis
666 3104 708 3173 ad
736 3103 869 3172 virtutes
898 3101 1069 3200 referenda
1098 3122 1157 3191 est,

156 3245 219 3315 per
241 3242 337 3314 quam
364 3217 512 3288 videlicet
534 3216 612 3312 ipsis
636 3213 732 3285 etiam
754 3213 817 3284 reis
839 3214 875 3283 in
897 3213 1071 3286 afflictione
1095 3243 1155 3312 po·

158 3331 229 3400 sitis
252 3331 394 3399 hnmano
418 3329 560 3425 quodam
584 3327 634 3399 vel
657 3325 791 3412 carnali,
812 3351 880 3396 non
902 3327 1086 3398 rationabili
1109 3329 1156 3398 af·

157 3441 261 3524 fectu,
297 3441 466 3511 subvenire
498 3439 692 3533 satagimus,
723 3438 757 3522 in
786 3437 850 3509 boc
879 3439 988 3534 potins
1016 3440 1156 3534 justitiae

159 3555 382 3638 adversantes,
407 3579 450 3622 ne
473 3552 534 3622 illis
558 3552 684 3622 debitae
707 3551 885 3620 reddantur
906 3576 1043 3648 poenae.
1089 3552 1157 3622 De·

158 3667 258 3761 nique
286 3664 392 3734 dolori
420 3665 564 3735 animum
593 3663 796 3748 submittere,
828 3663 1019 3734 infirmitatis
1047 3666 1156 3760 potius

159 3802 258 3875 quam
271 3776 404 3849 *virtutis
426 3794 491 3862 est,
521 3793 554 3847 et
574 3777 720 3846 miseriae
751 3800 849 3870 quam
870 3771 1097 3862 beatitudinis,
1125 3794 1158 3846 et

156 3891 364 3986 perturbatae
393 3913 460 3959 uon
496 3888 623 3985 quietae
659 3885 787 3958 mentis.
848 3885 933 3956 Cum
962 3889 1052 3960 enim'
1077 3890 1157 3976 nibil

155 4003 354 4096 sinecaosa
382 4000 445 4072 deo
475 4016 591 4070 cuncta
620 4000 740 4096 optime
765 3999 959 4096 disponente
981 3999 1053 4088 bat,
1076 4001 1156 4096 quid
