2740 4486
1059 249 1115 352 'ro

118 452 154 516 in
185 451 408 534 omnipotente
442 449 591 517 veritatis
621 447 790 534 plenitudo
820 451 1014 517 ostenditur.
1057 451 1118 530 Eat

57 598 62 606 ·
118 583 256 645 namque
279 583 338 643 per
358 563 539 648 ingenitam
561 561 717 627 deitatem
739 563 958 646 omnipotens,
979 583 1039 645 per
1059 583 1119 646 poe

119 677 256 740 tentiam
277 685 383 758 pater.
428 671 664 740 innascibilem
697 676 738 739 in.
757 675 820 740 lroc
842 676 917 743 loeo
938 678 1120 744 increatum

120 787 209 854 dicit.
255 787 442 874 lngenitam
472 788 629 852 deitatem
658 787 767 853 Deum
799 787 961 871 appellat,
993 789 1028 853 id
1056 800 1120 872 eat,

43 941 48 956 .
121 921 192 966 enm
220 897 328 964 nolum
357 922 400 964 ex
427 898 531 964 tribua
560 889 710 981 pirannis
733 883 914 987 ingenitum
937 899 1120 984 profitetur,

121 1031 192 1078 cum
214 1009 307 1075 aolus
327 1013 399 1094 ipse
421 1031 487 1077 noa
509 1016 554 1076 eit
577 1012 618 1076 ab
642 1013 729 1092 elio,
763 1024 914 1077 caeterae
946 1034 1026 1077 vero
1047 1034 1121 1097 per-

122 1143 223 1190 sonae
247 1123 287 1188 ab
310 1126 382 1207 ipso
405 1127 484 1190 aiut.
529 1122 629 1201 Quod
663 1147 743 1191 vero
776 1126 896 1190 dictum
920 1137 972 1190 eat
992 1149 1050 1209 per
1071 1127 1123 1192 in·

122 1238 268 1325 genitam
290 1238 448 1326 deitatem
478 1240 683 1322 omnipotens
713 1251 747 1303 ct
774 1259 832 1323 per
854 1240 1123 1322 omnipotentiam

122 1363 226 1434 pater,
250 1363 364 1434 aperte
385 1354 551 1432 innuitur,
575 1352 617 1417 ad
639 1351 744 1418 nolam
768 1355 869 1436 patrie
890 1353 1124 1436 proprietatem

123 1462 312 1548 specialiter
339 1469 532 1550 potentiam·
552 1468 736 1548 pertinere,
771 1466 850 1534 licet
880 1489 946 1530 una
974 1486 1124 1552 quaeque

123 1599 335 1662 personarum
360 1591 545 1661 compatre
567 1579 716 1664 ejusdem
737 1580 1014 1670 aitaubstantiae,
1038 1582 1126 1665 ejus·

125 1692 198 1756 dem
219 1693 262 1758 eit
283 1693 413 1775 penitus
434 1693 613 1775 potentiae.

532 1891 638 1988 Caput
659 1905 719 1974 vl.

128 2039 275 2108 Quaedam
291 2041 340 2096 ant
356 2053 503 2110 permane,
521 2045 551 2095 et
567 2055 621 2092 aon
639 2039 687 2094 atii
705 2040 860 2103 conventre,
877 2037 1059 2110 quaedamdo
1072 2053 1129 2096 aaa

198 2139 273 2206 dici,
290 2147 319 2196 et
338 2141 373 2196 de
391 2140 520 2196 omnibus
534 2139 651 2210 intelligi
668 2133 773 2208 coleret

211 2262 313 2331 Juxta
328 2279 440 2326 aarum
455 2263 550 2326 trium
568 2281 780 2342 personarum
793 2245 1011 2344 proprietates
1027 2282 1128 2348 quae·

128 2375 205 2442 dam
225 2373 414 2458 specialiter
438 2377 636 2440 conveniunt
657 2377 727 2452 uui,
749 2397 833 2458 qnae
852 2379 918 2440 'nom
935 2374 1004 2456 alii,
1028 2397 1129 2461 quae·

128 2491 203 2560 darn
227 2491 267 2554 de
291 2490 544 2574 eliqueearum
579 2489 643 2554 dici
676 2503 710 2554 et
741 2493 846 2574 accipi
878 2491 1006 2572 solent,
1046 2513 1130 2577 quae

123 2607 224 2689 juxta
248 2624 359 2668 earum
383 2617 517 2670 naturae
538 2603 746 2668 identitatem
768 2603 909 2690 singulis
932 2607 1043 2669 ineaae
1061 2627 1132 2699 'non

130 2715 344 2801 ambigimus,
369 2729 403 2779 ut
425 2719 587 2798 sapientia
608 2717 699 2795 filio,
722 2721 843 2782 ceritas
866 2720 992 2802 spiritui
1015 2730 1130 2783 nancto

124 2824 323 2908 'specialiter
346 2827 560 2908 attribuetur,
595 2851 666 2893 cum
700 2841 808 2894 tamen
834 2843 898 2896 tam
919 2841 1014 2912 pater
1035 2849 1132 2914 quam

131 2938 222 3006 filins
245 2961 341 3024 quam
363 2944 496 3024 spiritua
519 2953 671 3018 tanetus,
705 2942 765 3005 sed
788 2946 887 3007 etiam
909 2956 979 3008 tota
1002 2945 1133 3009 trinitas

130 3056 296 3136 capientia
319 3057 361 3118 eit
391 3067 424 3119 et
455 3052 607 3118 similiter
630 3066 696 3118 tam
718 3068 810 3136 pater
831 3058 903 3139 ipse
926 3079 1022 3139 quam
1043 3057 1134 3123 filiun

130 3170 254 3232 caritas
277 3169 341 3233 dici
365 3169 480 3251 possit,
505 3169 554 3231 sic
573 3169 684 3246 etiam,
703 3168 800 3251 juxta
823 3190 1036 3251 personarum
1053 3191 1132 3253 pro·
1222 3168 1226 3180 '

129 3280 616 3366 prietates,:quaedam5‚opeea
629 3279 948 3362 ›spectetitmtalicoi
969 3287 1133 3364 portenae

131 3394 374 3473 attribuuntur,
399 3396 547 3479 quamvis
569 3393 717 3460 indivisa
733 3389 1013 3458 totinoitrtntreac
1028 3405 1135 3498 ‘opera

131 3506 362 3592 praedicentur
384 3518 418 3571 et
440 3504 591 3589 quicquid
613 3504 656 3570 ab
677 3527 743 3571 nna
765 3527 874 3572 earum
887 3505 936 3586 fit,
960 3504 1136 3593 auingnlia

131 3619 208 3694 fieri
228 3631 369 3686 coartet.
403 3617 475 3684 Soli
498 3616 698 3702 quippefilio
711 3621 818 3683 carnia
834 3620 998 3701 eeaoeptio
1012 3618 1135 3686 adoeri-

132 3729 241 3812 bitur,
271 3752 358 3818 aqua
386 3741 420 3798 at
448 3731 563 3815 spiritu
591 3742 707 3794 nancto
728 3741 873 3810 tantum,
906 3752 972 3796 non
993 3752 1080 3816 aqua
1101 3740 1136 3796 et

134 3857 230 3929 patre
251 3843 308 3909 vel
328 3841 766 3929 titienegeeeremdieitur‚
788 3865 870 3910 cem·
882 3854 994 3910 tamen
1006 3843 1136 3910 ia-iatia

134 3959 239 4034 tetius
267 3957 423 4031 trinitatis
457 3956 603 4038 operatio
632 3954 777 4026 affuerit.
799 3951 888 4032 aet
900 3957 968 4024 ,rain
988 3977 1073 4042 quae
1093 3953 1137 4022 ad
1157 3972 1180 4014 r
