2798 4486
172 407 173 414 ’
248 364 492 471 doctitudo'seu
518 389 747 487 temperantim
782 385 843 460 sed
874 415 949 460 cum
979 391 1098 462 caritas
1128 393 1250 482 omniu,

250 535 335 608 quae
357 506 473 592 dixisti,
496 503 651 589 conserat,
674 519 872 572 nontamen
894 502 1040 596 singulis,
1064 504 1180 600 quibus
1197 506 1248 577 in·

251 639 317 709 est,
346 619 454 692 omnia
482 618 627 710 largitur.
671 613 763 683 Sicut
787 614 881 682 ‘enim
903 622 978 703 (31.
993 613 1060 706 V.)
1089 641 1109 685 a
1135 635 1251 690 natura

251 737 364 808 omnia
385 729 529 826 corporis
554 725 945 817 commodatribuuntur,
969 728 1118 799 sednon
1142 735 1253 804 omnia

252 847 419 927 omnibus,
448 842 494 913 sic
519 856 550 909 et
572 839 605 907 in
629 837 724 908 bonis
748 837 875 907 animae
899 863 957 908 seu
980 839 1149 911 virtutibus
1174 855 1252 915 con-

251 958 434 1052 tingunt
467 979 534 1022 nou
570 975 684 1020 omnes
715 950 866 1021 omnibus
895 950 1072 1046 dequaliter
1101 955 1252 1030 ditentur.

251 1071 350 1142 Unde
373 1067 465 1149 volo,
493 1080 529 1133 ut
551 1063 727 1146 adtendas,
750 1084 847 1156 quam
871 1061 914 1130 sit
933 1061 988 1130 itta
1009 1065 1093 1135 ratio
1116 1067 1251 1157 infirma,
1325 1143 1334 1160 ‚

251 1184 352 1253 immo
367 1177 556 1249 vilissimum
580 1174 757 1269 sophisma,
781 1173 868 1269 qnod
891 1173 1039 1245 videlicet
1062 1179 1253 1260 eualiorum

253 1293 409 1391 opinione
432 1290 467 1358 in
489 1287 654 1383 paradoxa
676 1285 862 1380 praedictus
885 1285 1009 1358 inducit
1026 1290 1252 1388 philosophus,-

251 1424 290 1478 ιιι
310 1405 443 1475 virtutes
473 1401 557 1470 sicut
581 1415 612 1468 et
633 1398 708 1468 vitiu
731 1422 826 1492 pares
848 1397 883 1467 in
906 1399 1056 1468 omnibus
1080 1390 1152 1475 esse
1176 1432 1252 1477 con.

252 1520 372 1598 vincat,
395 1541 470 1584 cum
492 1510 640 1582 videlicet
663 1509 774 1578 dixerit
795 1511 884 1580 hono
908 1511 976 1580 viro
1000 1513 1166 1584 meliorem
1183 1544 1252 1588 non

255 1655 328 1701 esse
352 1652 413 1696 nec
436 1638 635 1719 temperante
654 1623 949 1716 temperantiorem,
971 1649 1032 1693 nec
1048 1624 1124 1695 forti
1140 1626 1252 1699 sortio-

253 1768 323 1811 rem
346 1764 407 1807 nec
431 1736 570 1831 sapienti
592 1732 833 1827 sapientiorem.
868 1733 941 1804 Etsi
964 1736 1050 1804 enim
1073 1738 1161 1810 bono
1184 1740 1253 1812 viro

254 1878 322 1923 non
347 1851 388 1920 sit
410 1847 526 1942 aliquis
555 1845 685 1928 melior,
715 1861 823 1916 tamen
851 1846 959 1940 aliquo
982 1848 1070 1919 hono
1093 1850 1161 1920 viro
1185 1838 1254 1923 nte·

254 1963 316 2035 iior
338 1979 398 2033 est.
434 1958 525 2050 Quid
549 1975 599 2028 est
621 1957 707 2027 enim
729 1956 818 2058 aliud
841 1958 949 2028 dicere
973 1958 1013 2028 de
1036 1960 1144 2055 aliquo
1165 1965 1255 2059 quod

254 2077 296 2147 sit
312 2074 426 2144 meiior
445 2073 549 2156 bono,
573 2071 635 2139 uisi
655 2072 787 2166 quodsit
805 2069 928 2153 melior,
953 2096 1050 2166 quam
1068 2072 1174 2142 bonus
1196 2075 1253 2161 vir,

257 2187 440 2285 quicunque
463 2183 516 2252 ille
540 2183 589 2254 sit.
626 2179 704 2252 Non
728 2183 814 2252 enim
838 2209 911 2251 cnm
935 2181 1032 2251 deum
1055 2183 1186 2254 homine
1207 2187 1254 2256 di·

256 2301 358 2368 cimus
381 2296 565 2376 meliorem,
588 2293 680 2362 aliter
701 2293 920 2384 intelligimuS,
944 2295 1006 2363 nisi
1028 2298 1118 2390 quod
1140 2323 1254 2368 omnes

256 2389 648 2480 transcendat'homines.
686 2402 741 2472 Sic
765 2403 863 2472 etiam
887 2431 960 2473 cum
982 2422 1091 2476 tamen
1113 2409 1255 2506 aliquem

256 2523 380 2592 bonum
410 2517 546 2586 dicimus
574 2516 677 2585 virum
706 2517 796 2585 bono
826 2515 895 2584 viro
924 2516 1107 2604 meliorem,
1133 2521 1165 2590 id
1195 2539 1255 2610 est,

258 2659 357 2730 quam
379 2629 486 2700 bon'us
512 2628 559 2697 vir
587 2629 643 2713 sit,
671 2628 722 2699 vel
746 2652 843 2722 quam
866 2628 1046 2724 sitaiiquis
1068 2629 1255 2718 virbonus,

257 2772 326 2816 non
346 2743 437 2812 aliter
460 2741 684 2836 accipiendum
705 2739 839 2832 videtur,
860 2739 923 2808 nisi
943 2742 1135 2833 generaliter
1152 2745 1256 2818 omni·

257 2859 318 2928 bus
341 2857 436 2926 bonis
461 2854 535 2924 viris
560 2853 612 2923 itte
642 2867 870 2948 praeponatur.
916 2849 1019 2941 Quod
1041 2855 1174 2925 omnino
1197 2856 1257 2926 fal·

259 2995 332 3038 sum
361 2983 427 3050 est,
457 2993 530 3035 cnm
559 2965 630 3061 ipse
660 2965 757 3035 etiam
786 2965 827 3033 sit
848 2963 964 3059 aliquis
989 2965 1150 3044 benonim
1172 2969 1257 3040 viro·

257 3107 339 3152 rum.
381 3077 417 3145 Si
442 3077 527 3146 enirn
550 3075 666 3147 melior
688 3076 739 3161 sit,
762 3102 860 3171 qnam
883 3078 999 3162 bonus,
1022 3077 1072 3148 vel
1095 3085 1258 3175 quamsit

260 3189 375 3287 aliquis
399 3190 505 3260 bonus
531 3188 591 3273 vir,
620 3214 826 3284 consequens
850 3189 988 3273 videtur,
1011 3206 1047 3259 ut
1069 3216 1174 3285 neque
1197 3194 1257 3264 bo·

212 3387 223 3395 Α,
258 3328 320 3372 nus
344 3301 391 3372 vir
413 3327 517 3394 neque
541 3299 656 3394 aliquis
679 3302 785 3369 honus
808 3301 856 3369 vir
877 3300 916 3370 sit
940 3301 1023 3371 adeo
1045 3302 1168 3388 honus,
1196 3305 1257 3374 sed

155 3494 160 3511 „
261 3415 288 3493 si
311 3413 382 3510 quis
405 3413 510 3481 bouus
535 3411 591 3494 sit,
615 3412 785 3481 eominus
810 3411 850 3481 sit
872 3413 989 3482 honus.
1034 3414 1175 3483 Multum
1197 3417 1255 3486 ita·

262 3553 323 3621 que
343 3524 462 3593 referre
478 3523 612 3607 videtur,
635 3523 663 3591 si
682 3523 753 3618 quis
773 3524 896 3593 dicatur
910 3524 1025 3595 melior
1041 3524 1151 3622 aliquo
1166 3527 1256 3600 bono

261 3637 344 3718 viro,
374 3651 406 3704 et
434 3635 547 3704 melior
576 3659 675 3730 quam
703 3636 746 3704 sit
772 3635 886 3731 aliquis
910 3638 1015 3706 honus
1038 3639 1094 3708 vir.
1139 3640 1183 3709 Et
1204 3641 1258 3711 hic

262 3746 392 3841 quidem
416 3747 623 3841 sophismatis
645 3745 781 3842 laqueus
804 3747 837 3817 in
860 3749 948 3819 omui
968 3749 1109 3820 incidere
1126 3777 1257 3847 compa·

261 3856 386 3927 ratione
413 3873 538 3952 potest,
565 3875 601 3927 ut
627 3859 902 3955 quemadmodum
932 3887 1045 3930 omnes
1068 3862 1174 3933 bonos
1200 3888 1255 3934 ae-

262 3969 398 4067 qualiter
410 3971 517 4040 bonos
526 3970 665 4064 probare
680 3969 848 4059 conantur,
862 3974 908 4045 ita
921 3973 1082 4072 quoslibet
1092 3972 1258 4070 pulchros,
