2774 4486
470 133 719 235 ...aa
768 183 850 196 μ..

146 316 244 382 liuius
261 313 409 380 efficacia
433 314 474 378 alt
494 315 789 404 illiuepraeceptis
814 325 880 380 tota
908 335 1064 406 suspensa
1091 329 1173 383 esset
1201 329 1235 383 et

145 419 333 505 quicunque
343 418 386 482 de
398 417 547 484 rebusad
557 417 753 503 religionem
763 415 985 484 Christianam
996 419 1235 508 pertinentibus

146 519 252 609 palam
274 530 498 607 exponerent,
529 519 569 584 ad
593 533 723 609 patrum
745 541 856 605 neque¹
875 543 955 586 vero
978 524 1018 586 ad
1043 535 1234 588 sanctorum

144 632 316 686 auctorum
334 623 434 687 verba
447 623 624 688 sententias
638 645 712 687 suas
727 621 986 690 conformarent.
1018 625 1091 688 Hoc
1105 625 1235 710 vulgari

143 727 331 812 aequalium
343 746 480 790 suorum
497 721 793 790 vitioAbaelardus
805 722 892 787 haud
903 747 1065 810 quaquam
1076 726 1236 791 immunis

43 867 48 875 ,
143 827 218 894 fuit.
265 828 353 892 Nam
376 825 543 890 doctrinae
566 835 761 912 patrumque
781 827 1074 891 ecclesiasticorum
1091 827 1235 913 dignita-

143 941 211 994 tem
226 941 257 994 et
274 929 415 1017 pretium
432 952 471 993 eo
485 927 612 991 lucilius
628 927 688 991 sibi
704 928 877 1013 persuasit,
897 952 963 1012 quo
979 930 1097 995 clarius
1112 931 1146 996 in
1162 931 1234 1018 ipsa

143 1034 305 1120 scriptura
320 1032 410 1096 initia
424 1031 586 1116 quaedam
601 1029 787 1094 traditionis
799 1029 1050 1117 deprehendere
1064 1033 1126 1096 sibi
1144 1033 1235 1096 vide·

144 1136 249 1199 batur.
299 1133 435 1197 Novum
467 1132 557 1196 enim
589 1141 817 1196 testamentum
848 1131 931 1196 sicut
961 1144 1027 1198 tam
1064 1134 1233 1219 dignitate,

143 1258 244 1321 quam
269 1235 406 1300 utilitate
432 1233 537 1300 veteri
560 1233 811 1320 supereminere
834 1233 974 1299 eredidit
994 1241 1044 1322 (p.
1060 1237 1156 1314 261),
1186 1236 1234 1300 ita

141 1338 176 1402 in
189 1339 244 1401 illo
260 1338 340 1402 duae
356 1348 461 1424 partes
477 1335 633 1417 distinxit,
650 1359 787 1422 quarum
803 1336 905 1400 altera
920 1338 1091 1422 evangelio
1106 1349 1234 1402 constet

141 1441 243 1528 ipsius
258 1438 385 1502 carini
404 1438 607 1502 institutione
623 1439 881 1516 communicato,
901 1439 1001 1502 altera
1021 1441 1061 1504 ab
1075 1440 1232 1528 apostolis

141 1542 290 1629 prolecta
311 1539 363 1603 sit.
407 1541 447 1604 Et
470 1541 547 1605 huic
569 1539 704 1625 quidem
720 1563 757 1604 ea
773 1539 1015 1626 aequiparavit,
1038 1563 1153 1626 quaes
1171 1562 1231 1626 pa·
1331 1537 1338 1558 '

144 1645 247 1710 tribus
260 1643 384 1707 adiecta
399 1654 512 1706 essent.
548 1642 609 1706 Sed
628 1643 762 1726 nequid
778 1644 875 1708 alieni
888 1645 958 1708 eius
974 1644 1075 1709 verba
1092 1643 1233 1730 capiant,

140 1748 213 1834 ipae
233 1745 427 1808 sententiam
448 1767 540 1810 suam
563 1743 713 1831 explicet.
756 1743 945 1821 „sufficere
968 1747 1082 1823 saluti,
1110 1745 1230 1830 inquit,

141 1847 310 1926 „fortasse
332 1858 483 1933 poterant
505 1869 558 1924 ea,
581 1867 665 1929 quae
686 1847 894 1931 evangelium
917 1847 957 1910 de
982 1847 1046 1911 fide
1067 1858 1099 1910 et
1119 1869 1177 1934 spa
1197 1859 1231 1912 et

104 1961 110 1968 ’
141 1951 307 2028 „caritate
333 1971 391 2011 seu
419 1947 631 2012 sacramentis
662 1947 858 2028 tradiderat,
892 1949 1018 2013 etiamsi
1049 1951 1229 2038 apostolica

140 2076 240 2133 „non
256 2052 420 2117 addantur
434 2050 599 2132 instituta,
622 2073 727 2136 nequa
747 2051 875 2136 aliquae
892 2063 1080 2116 sanctorum
1095 2063 1228 2140 patrum

141 2156 367 2243 „disciplinae
390 2164 450 2219 eta.
493 2151 613 2240 Vetuit
638 2165 747 2218 tamen
770 2153 924 2217 (lominus
954 2166 984 2219 et
1007 2157 1047 2218 ab
1073 2157 1229 2244 apostolis

141 2268 207 2336 „et
227 2280 245 2321 a
267 2257 386 2321 sanctis
410 2255 556 2342 patribus
584 2256 747 2341 quaedam
772 2257 952 2342 superaddi
974 2270 1151 2344 praecepta
1172 2260 1227 2324 rel

141 2360 429 2449 „dispensationes
449 2395 492 2408 ·-
509 2369 545 2422 ut
566 2359 762 2422 norsnullsm
784 2360 882 2423 etiarn
906 2358 952 2422 eis
974 2372 1225 2448 praeceptorum

139 2462 393 2541 „auctoritatem
410 2465 692 2538 reservaret“21).
720 2459 773 2522 Ex
787 2457 837 2524 liis
846 2459 935 2524 Petri
951 2462 1054 2526 nostri
1066 2462 1229 2528 sententia

142 2563 267 2650 duplici
286 2565 385 2627 modo
405 2561 601 2625 illustratur.
644 2561 795 2624 Primum
816 2561 905 2625 enim
928 2563 1137 2648 intelligitur,
1161 2585 1230 2649 quo

140 2666 214 2732 iure
230 2665 394 2751 apostolos
414 2663 505 2747 quasi
527 2683 589 2748 pro
613 2663 729 2749 primis
750 2663 898 2751 patribus
914 2663 1083 2740 habuerit,
1106 2666 1228 2730 deinde

93 2800 97 2804 ·
139 2767 260 2854 liquet,
296 2776 450 2849 quantam
482 2765 711 2830 auctoritatem
750 2767 965 2853 scriptoribus
1002 2768 1227 2833 ecclesiasticis

139 2870 267 2958 ipsique
284 2867 437 2932 ecclesiae
454 2867 660 2932 concesserit.
702 2868 746 2933 Et
763 2869 847 2935 hanc
860 2870 1010 2957 prolecto
1027 2871 1227 2935 aestimatio-

139 2971 276 3037 nemita
295 2993 373 3058 prae
388 2993 422 3032 sc
439 2970 528 3048 tulit,
551 2980 587 3034 ut
599 2970 679 3034 eius
700 2972 835 3056 vestigia
857 2973 892 3037 in
905 2973 1040 3058 singulis
1054 2971 1126 3037 fera
1140 2995 1225 3060 ope-

139 3097 215 3139 rum
241 3071 368 3158 paginis
395 3072 569 3160 conspicua
596 3071 723 3136 habeas.
774 3072 910 3138 Summa
936 3075 1023 3137 enim
1046 3075 1226 3153 doctrinae,

139 3199 239 3263 quam
259 3176 295 3239 in
319 3173 485 3258 theologia
512 3185 544 3237 et
571 3172 692 3239 introd.
715 3177 906 3262 proposuit,
935 3175 1150 3241 ecclesiastica
1175 3190 1227 3243 est

138 3277 236 3366 (1258
246 3277 282 3340 O.
301 3277 423 3339 introd.
439 3278 465 3353 I,
477 3275 524 3357 ὁ),
540 3287 571 3340 et
586 3275 612 3339 si
630 3276 707 3360 quid
721 3277 761 3340 de
775 3277 842 3340 suis
858 3278 993 3356 addidit,
1007 3279 1039 3342 id
1055 3301 1097 3343 ex
1110 3279 1225 3346 audaci

138 3379 282 3468 quodam
314 3379 486 3462 vulgarem
507 3377 699 3464 opinionem
726 3379 913 3465 corrigendi
937 3379 1046 3444 studio
1077 3383 1225 3447 derivari

137 3481 280 3566 nequita
292 3481 360 3546 imo
375 3479 438 3544 hoo
449 3478 480 3542 si
494 3479 688 3559 nonsolum,
703 3492 811 3546 tamen
827 3484 1042 3570 praecipuum
1056 3485 1225 3553 scribendi

138 3584 314 3651 consilium
331 3581 638 3662 habuisse-ridetur,
654 3594 691 3648 ut
704 3583 886 3650 doctrinam
900 3586 1032 3674 publice
1044 3598 1226 3674 receptam,

178 3819 188 3840 Α,
205 3767 248 3836 21)
264 3787 290 3834 p.
299 3767 488 3841 tractatam
500 3769 652 3822 11:1091.
703 3771 857 3838 apostolicis
876 3771 943 3826 viris
958 3771 1047 3824 addita
1064 3781 1134 3838 sunt,
1152 3791 1224 3840 quae

136 3837 224 3891 Multa
255 3840 377 3904 protecto
410 3838 472 3890 tidei
501 3837 652 3890 necessaria
703 3857 739 3892 ex
750 3840 840 3893 verbis
852 3840 1015 3914 evangelicis
1024 3840 1132 3895 minime
1145 3857 1224 3895 cotn-

136 3915 196 3976 post
218 3908 393 3978 evangelium
406 3907 438 3958 ab
457 3908 583 3983 apostolis
605 3909 651 3964 rel
674 3914 686 3942 ³
702 3911 856 3976 probantur.
1195 3931 1197 3935 ·
