2806 4492
18 277 27 491 t

134 399 216 471 inter
236 421 398 470 summum
419 393 542 467 benum
558 408 591 462 et
605 415 768 464 summum
783 394 923 468 hominis
937 398 1059 472 bonnm
1072 429 1124 476 re·
1163 473 1166 485 ,

134 508 384 592 tonsuratum,
406 505 507 602 quod,
528 503 612 576 sicut
633 529 671 576 es
693 506 882 598 praemissis
902 508 1013 606 liquet,
1033 541 1121 587 sum.

135 649 220 692 mum
243 622 366 692 bonnm
390 619 471 687 dens
493 616 563 710 ipse
586 629 636 685 est
656 614 707 686 sel
730 618 1022 709 ejus'beatitudinis
1037 650 1122 697 sum·

18 765 19 796 ι
134 759 185 804 ma
207 729 431 827 tranquillitos,
453 753 550 824 quam
572 742 682 797 tamen
704 753 772 798 non
790 729 876 800 alind
893 737 1124 832 quamipsnm,

78 908 81 912 .
135 845 355 927 aestimamus,
384 847 458 927 (40.
481 838 546 926 V.)
570 839 628 933 qui
649 865 696 940 en-¹
710 867 744 910 se
770 841 954 934 ipso‚'non
982 847 1122 937 aliunde,

18 983 22 1053 p
133 957 244 1030 beatos
273 969 350 1036 est3.
373 978 535 1052 summum
560 967 668 1020 antem
691 950 830 1024 hominis
852 955 975 1026 bonum
995 959 1050 1029 illa
1073 979 1123 1034 est

133 1082 287 1163 perpetua
309 1064 416 1161 quies,
443 1065 510 1132 sive
534 1062 668 1146 laetitia,
697 1087 804 1192 quam
817 1067 952 1161 quisque
973 1097 1034 1196 pro
1056 1101 1109 1146 me
1160 1089 1164 1098 “
1211 1061 1216 1068 ’

132 1180 197 1248 ritis
219 1193 297 1303 post
317 1175 400 1265 banc
421 1175 519 1244 vitam
539 1173 673 1300 recipit,
684 1175 751 1244 sive
773 1176 806 1244 in
828 1177 900 1272 ipsa
922 1182 1046 1253 visione
1069 1188 1121 1256 vel

18 1359 19 1368 ,
133 1288 316 1382 cognitione
341 1280 409 1374 dei,
437 1302 472 1356 ut
495 1285 673 1368 dicitis,
646 1309 714 1355 sive
742 1294 999 1385 quoquomodo
1029 1296 1121 1366 aliter

90 1415 92 1419 '
133 1401 309 1492 contingat.
360 1398 530 1466 Summum
558 1420 635 1464 vero
671 1396 792 1467 malum
823 1425 948 1473 summa
983 1423 1049 1490 esa,
1084 1427 1121 1479 ut

132 1512 209 1596 dixi,
245 1513 464 1603 cujuscunque
494 1521 655 1579 creaturae
683 1508 812 1578 miseria
845 1513 895 1582 rel
924 1541 1031 1608 poena
1059 1546 1119 1614 pro
1161 1559 1164 1570 ι

131 1621 252 1692 meritis
280 1635 442 1714 suscepta.
498 1618 667 1688 Summum
685 1637 804 1692 antem
832 1623 972 1694 hominis
997 1612 1120 1701 maium
1193 1689 1197 1696 ,

95 1756 98 1759 ·
132 1757 343 1838 quoscunque
372 1729 538 1801 hominurn
567 1730 611 1800 ibi
639 1730 811 1802 cruciatus
828 1761 889 1828 pro
917 1737 1038 1808 meritis
1067 1768 1119 1810 sn·
1135 1813 1146 1830 Γ

131 1836 261 1940 sceptus
283 1865 523 1937 nuncupamus.

464 1951 518 2022 De
539 1975 668 2024 summo
688 1952 784 2027 malo.

216 2056 442 2138 Christiani
482 2061 651 2171 Quantum
678 2065 838 2160 percipio,
866 2082 933 2136 tam
956 2095 1118 2147 summum

18 2201 19 2222 ¹
125 2179 248 2250 malum
270 2170 550 2273 qoam'snmmnm
572 2175 711 2246 bominis
733 2176 854 2247 maium
875 2204 942 2249 non
959 2181 1021 2252 nisi
1038 2210 1117 2279 poe.
1229 2175 1232 2182 ’

125 2313 187 2360 nas
210 2287 307 2359 futuri
330 2287 449 2375 seculi,
477 2313 536 2383 pro
558 2288 680 2357 meritis
701 2288 862 2373 redditas,
882 2289 1054 2386 intelligis?

129 2471 131 2478 ,
215 2400 368 2472 Philos.
411 2399 605 2492 Itintiqne.

216 2509 439 2582 Christian.
482 2510 527 2580 At
553 2507 701 2620 proiecto
723 2535 851 2605 poenae
872 2511 946 2584 illae
967 2541 1029 2610 pro
1050 2543 1118 2591 me·

123 2623 196 2694 ritis
220 2621 354 2692 collatae
376 2621 488 2715 utique
509 2623 632 2715 justae
642 2637 732 2706 sont,
759 2623 835 2718 quia
854 2626 976 2716 justum
999 2646 1048 2698 est
1070 2634 1117 2701 sio

24 2827 29 2838 ι
59 2734 62 2738 ’
123 2760 185 2806 eos
209 2734 339 2829 punire,
367 2732 422 2826 qui
449 2750 643 2807 mernerunt.
695 2731 874 2830 Quidquid
894 2763 971 2808 vero
996 2743 1118 2833 justum

123 2863 185 2930 est,
211 2847 334 2916 bonnm
357 2867 429 2918 esse
452 2859 589 2915 constat.
631 2843 766 2916 Poenae
788 2847 897 2942 itaque
920 2848 1009 2935 illae,
1035 2877 1116 2948 quas

18 3005 19 3008 =
68 2983 69 2986 ’
123 2983 290 3028 summum
312 2956 448 3038 malum,
475 2955 525 3024 vel
547 2969 709 3026 summum
731 2957 869 3027 hominis
892 2959 1012 3030 malum
1034 2988 1117 3045 nnn-

123 3091 247 3164 cupas,
281 3068 352 3136 sine
384 3067 482 3136 dubio
510 3067 616 3137 bonae
642 3079 729 3139 sunt.
778 3069 870 3144 Vide
896 3096 973 3172 ergo
1003 3096 1045 3172 an
1072 3075 1116 3160 id,

123 3179 219 3276 quod
240 3179 363 3250 bonum
386 3193 435 3248 est
457 3179 564 3273 potius
587 3202 684 3273 quarn
705 3179 842 3277 malum,
871 3182 1049 3273 concedere
1071 3185 1118 3254 vi·

61 3355 63 3360 .
122 3289 236 3360 dearis
260 3314 331 3360 esse
353 3313 515 3370 summunt
529 3289 658 3364 malum.
696 3289 776 3380 Qua
792 3291 877 3360 enitn
890 3293 1015 3362 ratione
1030 3319 1117 3364 snm·
1150 3315 1155 3322 ·

18 3469 19 3480 ,
120 3403 216 3471 mum
230 3394 352 3470 malum
368 3401 420 3472 vel
434 3418 596 3472 sommum
611 3401 749 3473 hominis
765 3402 886 3473 malum
906 3403 1012 3492 dicas,¹
1029 3407 1118 3501 qnod

18 3937 20 3948 y
119 3844 267 3934 di[sse]‚
303 3871 436 3917 omnem
465 3873 596 3942 quoqne
624 3847 832 3916 afflictionem
860 3849 988 3918 malum
1006 3851 1128 3943 potins·

103 3511 312 3596 'nullatenus
335 3513 455 3584 malum
477 3513 533 3596 sit,
556 3538 624 3584 non
645 3514 758 3586 video-i

214 3621 370 3696 Philus.
414 3624 605 3696 Meminisse
629 3641 661 3695 te
683 3641 820 3720 oportet,
842 3649 862 3696 a
885 3641 916 3697 te
934 3627 1007 3721 ipso
1022 3609 1118 3732 supe-

119 3733 194 3805 rius
213 3737 281 3804 tam
297 3749 482 3808 nostrorum
498 3761 596 3832 (ιιιιιιιι
610 3731 996 3808 vestrorumtestimoniis
1011 3754 1119 3808 osten·

120 3977 227 4050 quam
243 3949 366 4030 bonum
382 3982 467 4033 esse.
501 3955 580 4033 Non
597 3974 706 4028 tamen
722 3956 797 4060 ideo
816 3985 945 4030 omnem
962 3969 1035 4030 esse
1052 3983 1118 4061 ma·

871 4072 926 4147 6*
