2774 4486
521 163 848 246 „pam

140 340 252 412 rerbia
263 337 342 418 fidei
359 338 507 426 multum,
519 336 1225 426 certitudinis-tribulatamtimensque-‚ad
1246 383 1248 388 ,

137 440 304 529 probandi
318 462 370 510 res
384 440 623 527 ipsaafcreditas
636 437 823 512 facultatem
836 440 992 519 ostendit,
1006 441 1227 530 verbissuprs
1244 504 1247 510 ,

137 544 250 616 allatisI
270 541 369 628 haee¹
383 540 558 609 adiicienss
594 531 699 626 „quia
721 561 828 611 ,namo
857 541 958 608 lidem
981 563 1057 607 ,esse
1072 541 1222 622 dubitat,

137 654 295 731 „oportet
309 665 351 708 ex
365 642 447 724 boo,
464 655 505 710 ut
524 643 632 730 aliqua
651 664 719 708 non
738 643 931 731 apparentia
948 665 1017 713 ease
1036 645 1221 710 ,concedam

137 744 179 832 (o.
194 747 238 829 2).
281 745 329 810 At
346 765 449 828 quum
465 745 499 810 iu
515 745 621 833 priori
635 744 842 824 hemistichio
858 745 957 814 fidem
971 747 1069 813 simul
1082 769 1222 832 sperari-2

138 848 255 914 darum
275 869 389 912 rerum
404 846 617 915 substantiam
634 846 753 913 dictam
770 845 915 930 videret,
937 847 971 912 iu
994 870 1065 913 eam
1082 847 1222 934 ‚opinio-

138 971 214 1020 nem
235 948 393 1012 adductus
413 959 476 1024 est,
499 960 534 1013 ut
556 939 676 1034 „spem
696 948 733 1012 in
756 947 821 1032 lide
841 959 996 1034 tauquam
1018 948 1162 1036 speciem
1182 948 1221 1016 in

137 1072 285 1134 „genere
304 1048 569 1138 comprehendi“
593 1050 811 1117 arbitraretur
830 1061 862 1114 et
882 1051 1005 1137 quippe
1024 1061 1220 1136 „exspecta-

137 1154 285 1232 „tionem
296 1151 435 1236 „aliquod
449 1153 660 1226 commodum
674 1151 893 1238 adipiscendi,
918 1152 1051 1236 quando
1066 1153 1220 1222 videlicet

136 1252 235 1337 „quis
249 1241 364 1334 eredit,
381 1276 415 1317 se
429 1253 560 1338 aliquod
574 1253 696 1318 bonum
710 1264 936 1318 assecuturum
952 1261 1053 1332 esse“,
1078 1277 1219 1332 numero

134 1375 269 1433 eorum,
290 1354 327 1418 in
342 1355 459 1440 quibua
474 1354 639 1422 humanae
652 1355 761 1422 salutis
777 1377 908 1420 summa
924 1357 1128 1432 consisteret,
1150 1379 1219 1422 non

134 1457 201 1524 tam
217 1456 422 1535 excluderet,
450 1479 548 1540 quam
567 1456 760 1522 includeret.
803 1453 903 1540 Quod
926 1479 991 1542 quo
1011 1458 1219 1532 commodine

132 1558 206 1626 lieri
220 1571 337 1648 posset,
351 1558 429 1624 fidei
441 1560 644 1643 aliquantum
655 1556 859 1626 certitudinis
874 1559 1114 1629 detrahendum
1126 1581 1218 1626 eam·

133 1684 198 1747 quo
215 1663 258 1726 ita
275 1660 495 1728 deliniendam
511 1685 580 1726 esse
595 1658 811 1736 existimavit,
841 1672 876 1724 ut
901 1673 1016 1729 nutura
1036 1684 1095 1739 sua
1115 1660 1215 1727 etiam

132 1765 211 1828 alias
227 1764 266 1828 de
277 1762 373 1827 rebus
382 1763 549 1849 adspectui
564 1763 701 1830 exemtis
709 1760 878 1828 sentiendi
887 1763 1027 1831 nationes
1041 1763 1217 1848 complecti

134 1867 314 1931 videretur.
360 1864 595 1931 Definitiouem
627 1865 669 1930 ita
695 1875 920 1950 comparatam
948 1886 1049 1947 quum
1079 1865 1114 1928 iu
1141 1863 1216 1952 ipso
1249 1927 1253 1934 ,

132 1966 360 2054 disputationis
385 1965 480 2030 initio
510 1966 631 2032 diserte
666 1967 889 2052 proposuisset
909 1964 989 2046 (ol'r.
1012 1966 1110 2032 etiam
1132 1965 1215 2032 1061

132 2071 216 2144 md.)
240 2091 344 2152 neque
368 2090 438 2154 cap.
451 2069 490 2145 2,
513 2068 569 2132 ubi
590 2069 777 2152 diligentius
799 2068 841 2132 de
861 2067 998 2152 singulis
1016 2079 1168 2150 acturum
1182 2089 1217 2132 se

132 2195 201 2236 esse
217 2169 430 2255 significavit,
453 2179 596 2234 mentem
620 2192 712 2236 suam
733 2169 915 2237 accuratius
924 2168 1151 2256 explicuisset,
1174 2168 1216 2246 de

133 2271 209 2338 fidei
224 2272 381 2357 dignitate
401 2272 552 2336 licentius
565 2273 739 2338 imminuta
754 2273 951 2338 adversariis
966 2283 1131 2359 suspectus
1144 2269 1217 2336 lieri

130 2373 225 2438 facile
239 2374 344 2460 potuit
357 2376 412 2456 2⁹).
456 2371 498 2436 Et
514 2373 676 2460 prolecto,
687 2377 715 2438 si
730 2375 810 2440 haee
823 2373 890 2438 sola
906 2372 1217 2456 haber·ernus,.uuda

131 2475 208 2558 quid
228 2475 433 2540 Abaelardus
455 2473 495 2538 de
511 2473 574 2538 fide
588 2476 738 2540 sensisset
752 2487 940 2551 erueretur,
969 2474 1151 2552 dubitares,
1172 2497 1215 2540 an

132 2599 199 2640 non
216 2576 249 2639 in
266 2577 403 2640 illorum
417 2576 614 2642 senteutiam
629 2578 816 2643 abeundum
830 2588 931 2655 esset3
959 2575 1110 2662 ambigua
1124 2576 1214 2643 enim

184 2729 230 2790 29)
248 2730 323 2780 Guttt.
343 2729 374 2778 ae
392 2731 419 2779 S.
440 2731 535 2780 Τὴεοιι.
554 2747 610 2798 esp.
629 2735 643 2782 1
695 2749 757 2784 nem
776 2732 890 2785 neodem
914 2732 1067 2798 propalatae
1092 2729 1213 2781 veritatis

132 2806 159 2849 et
177 2799 270 2849 Remu.
293 2813 334 2862 ep.
353 2797 412 2848 190.
432 2813 456 2847 c.
474 2796 492 2846 4
509 2799 577 2864 lranp
595 2800 646 2851 de·
696 2819 756 2854 esse
771 2802 873 2854 diceret
888 2802 932 2866 (de
940 2800 1114 2852 consid.V.o.
1123 2798 1215 2866 tanti)

132 2867 279 2919 finitionem
301 2863 535 2916 vehementissime
553 2883 643 2933 repre·
695 2885 751 2920 non
771 2869 873 2936 potuit,
891 2869 954 2935 quin
973 2867 1115 2919 Abaelardl
1134 2883 1213 2929 „ex-

131 2937 268 2994 hendunt,
302 2932 399 2999 quiippe
430 2949 481 2998 qua
514 2933 580 2988 fides
599 2936 647 2984 'ad
695 2937 909 2988 istimatlonern“
934 2935 968 2988 ad
987 2948 1060 2986 seram
1080 2932 1212 3000 „opinioa

132 3001 353 3058 Aoedernciorurn
371 3001 511 3068 opiniones
533 3001 646 3053 deduca-
697 3005 778 3056 nem“
796 3007 918 3068 referret.
944 3006 1024 3072 Quod
1039 3011 1213 3056 sistemater-

131 3083 190 3138 tur,
209 3087 311 3139 eaque,
329 3087 398 3138 (pirae
416 3078 489 3121 certe
506 3067 574 3135 sint,
593 3087 647 3120 am·
697 3090 748 3139 que
766 3088 873 3124 omnem
893 3089 949 3124 rem
968 3089 1004 3124 ex
1030 3071 1145 3123 auctoris
1164 3073 1213 3124 de·

131 3144 210 3214 bigne
235 3141 387 3192 reddantur.
426 3139 487 3190 Hoc
513 3154 562 3190 sno
588 3137 646 3190 inre
696 3139 867 3207 scriptionem
901 3142 1108 3205 tantummodo,
1143 3155 1214 3208 quiae

130 3213 268 3272 fecerunt,
294 3209 452 3260 Gutltetmus
470 3207 540 3259 enirn
558 3209 646 3272 tidem,
696 3211 774 3262 tidem
796 3210 895 3276 pariter
920 3219 1000 3277 atque
1018 3227 1092 3278 spem
1110 3211 1212 3276 ampla-

131 3297 184 3348 que
204 3279 372 3341 crederetur,
393 3277 429 3329 ita
447 3293 503 3327 rem
519 3293 548 3328 se
563 3278 646 3328 habe·
697 3287 831 3343 oreretur,
852 3278 997 3331 exhibituri
1015 3278 1127 3330 consitio
1144 3294 1215 3344 pen·

131 3365 175 3401 res
200 3347 232 3398 ad
256 3362 335 3412 qnam
361 3345 558 3397 convertendus
577 3355 648 3398 esset
697 3351 761 3401 dere
778 3357 856 3416 atque
873 3365 888 3399 e
903 3348 1074 3416 sequentibus
1088 3350 1213 3414 supplere

131 3419 283 3484 adspectus,
301 3423 330 3464 ut
347 3415 520 3467 viselaoeret
534 3416 648 3475 beatum,
697 3426 724 3469 et
747 3418 880 3469 iilustrare
906 3419 1098 3489 neglexerunt,
1125 3416 1154 3466 in
1178 3420 1213 3466 eo

133 3495 231 3540 certam
261 3483 368 3545 babuit,
397 3483 465 3534 sicut
489 3491 562 3534 certa
588 3500 648 3534 esse
696 3503 791 3554 parum
810 3501 910 3554 aequos
928 3489 974 3542 vel
991 3486 1213 3552 parrrmprudeu'-

131 3562 236 3622 posset,
255 3551 377 3618 quamdiu
399 3553 465 3603 fides
483 3561 553 3604 esset
573 3551 648 3619 (spe-
697 3563 737 3606 tes
755 3554 856 3606 indices
874 3571 904 3606 se
918 3555 1118 3622 praestiterunt,
1135 3557 1214 3620 prae'-

129 3625 217 3678 ,oulrrm
241 3621 304 3673 fidei
334 3623 403 3688 apud
437 3625 502 3674 tiss.
528 3622 546 3671 l.
572 3621 592 3670 l.
620 3639 648 3686 p.
698 3623 788 3679 sertim
800 3624 988 3690 Bernlrordus,
1005 3625 1050 3691 qul
1063 3624 1115 3674 hoc
1125 3622 1214 3689 ipsunt

131 3693 165 3746 79
177 3694 202 3744 b.
220 3691 257 3741 in.
275 3691 309 3742 83
324 3691 350 3760 b,
368 3708 388 3741 s.
403 3690 445 3752 b).
477 3690 648 3741 bernhardus
700 3709 735 3750 ex
754 3692 1075 3758 Abaelardimentefieri
1091 3691 1214 3743 debuisse

131 3761 198 3816 vero
216 3773 297 3830 quum
312 3759 464 3827 opinionem
481 3757 596 3810 etlidem
610 3760 647 3812 ita
698 3759 845 3827 suspicatus
864 3775 928 3815 esse⁴
940 3761 1054 3814 ridetur.
1084 3760 1124 3812 lta
1142 3759 1214 3812 enim

130 3829 321 3900 distingueret,
347 3836 377 3880 ut
402 3828 476 3880 illam
497 3827 573 3895 quasi
597 3845 649 3896 pro
698 3831 778 3882 dicits
797 3832 907 3897 ..planet¹
921 3831 1003 3892 milri,
1020 3833 1125 3895 fateor,
1142 3828 1214 3880 illius

132 3914 200 3952 vero
212 3897 312 3966 aliquid
329 3898 444 3961 habere,
462 3898 533 3964 quod
550 3897 649 3950 falsum
698 3900 819 3966 ‚,ll‘auli)
833 3901 866 3952 de
878 3902 930 3964 lide
942 3898 1083 3963 diffinitio,
1101 3897 1151 3950 etsi
1163 3896 1213 3969 ists

131 3963 193 4020 'esse
216 3965 352 4032 nescires,
377 3966 447 4016 bane
472 3965 649 4019 voluntariam
670 3969 672 3972 '
701 3969 797 4034 ,ΛΑΜ
815 3967 894 4021 etlam
914 3969 998 4036 ipsein
1018 3969 1134 4022 latenter
1148 3957 1216 4018 insi·

135 4037 267 4107 quandem
297 4043 325 4088 et
352 4042 452 4089 certem
479 4035 651 4102 praelibatio·
701 4038 817 4104 „muletz
837 4037 903 4091 fides
918 4032 1199 4092 estsubstantiaeto.“
1262 4097 1267 4103 Κ
