<?xml version="1.0" encoding="UTF-8"?>
<!DOCTYPE html PUBLIC "-//W3C//DTD XHTML 1.0 Transitional//EN"
    "http://www.w3.org/TR/xhtml1/DTD/xhtml1-transitional.dtd">
<html xmlns="http://www.w3.org/1999/xhtml" xml:lang="en" lang="en">
 <head>
  <title>
</title>
<meta http-equiv="Content-Type" content="text/html;charset=utf-8" />
  <meta name='ocr-system' content='tesseract 3.04.00' />
  <meta name='ocr-capabilities' content='ocr_page ocr_carea ocr_par ocr_line ocrx_word'/>
</head>
<body>
  <div class='ocr_page' id='page_1' title='image "./dialogusinterph00abelgoog/dialogusinterph00abelgoog_0361.png"; bbox 0 0 2774 4486; ppageno 0'>
   <div class='ocr_carea' id='block_1_1' title="bbox 464 137 804 224">
    <p class='ocr_par' dir='ltr' id='par_1_1' title="bbox 464 137 804 224">
     <span class='ocr_line' id='line_1_1' title="bbox 464 137 804 224; baseline 0 -18"><span class='ocrx_word' id='word_1_1' title='bbox 464 191 532 206; x_wconf 79' lang='lat'><em>....</em></span> <span class='ocrx_word' id='word_1_2' title='bbox 595 137 678 224; x_wconf 60' lang='lat' dir='ltr'><strong>aa</strong></span> <span class='ocrx_word' id='word_1_3' title='bbox 724 184 804 205; x_wconf 46' lang='grc' dir='ltr'><strong>ω.</strong></span> 
     </span>
    </p>
   </div>
   <div class='ocr_carea' id='block_1_2' title="bbox 1 319 1236 3496">
    <p class='ocr_par' dir='ltr' id='par_1_2' title="bbox 1 319 1236 3468">
     <span class='ocr_line' id='line_1_2' title="bbox 89 319 1189 412; baseline -0.003 -15"><span class='ocrx_word' id='word_1_4' title='bbox 89 321 264 397; x_wconf 77' lang='lat' dir='ltr'><strong>hominum</strong></span> <span class='ocrx_word' id='word_1_5' title='bbox 288 324 462 392; x_wconf 75' lang='lat' dir='ltr'><strong>desideriis</strong></span> <span class='ocrx_word' id='word_1_6' title='bbox 483 337 580 411; x_wconf 86' lang='lat' dir='ltr'><strong>atque</strong></span> <span class='ocrx_word' id='word_1_7' title='bbox 601 319 1064 397; x_wconf 73' lang='lat' dir='ltr'><strong>cenarninibussuccumendi</strong></span> <span class='ocrx_word' id='word_1_8' title='bbox 1082 327 1189 412; x_wconf 73' lang='lat' dir='ltr'><strong>&#39;quisi&#39;</strong></span> 
     </span>
     <span class='ocr_line' id='line_1_3' title="bbox 1 427 1189 516; baseline -0.008 -17"><span class='ocrx_word' id='word_1_9' title='bbox 1 441 2 472; x_wconf 74' lang='lat'>³</span> <span class='ocrx_word' id='word_1_10' title='bbox 92 432 294 500; x_wconf 81' lang='lat' dir='ltr'><strong>occasionem</strong></span> <span class='ocrx_word' id='word_1_11' title='bbox 317 439 432 493; x_wconf 78' lang='lat' dir='ltr'><strong>noetus</strong></span> <span class='ocrx_word' id='word_1_12' title='bbox 454 427 892 516; x_wconf 83' lang='lat' dir='ltr'><strong>eossnperioriscuiusdam</strong></span> <span class='ocrx_word' id='word_1_13' title='bbox 908 427 1189 505; x_wconf 80' lang='lat' dir='ltr'><strong>luciabene1icio,</strong></span> 
     </span>
     <span class='ocr_line' id='line_1_4' title="bbox 81 527 1236 618; baseline -0.003 -18"><span class='ocrx_word' id='word_1_14' title='bbox 81 547 244 618; x_wconf 49' lang='lat' dir='ltr'><strong>*tanquam</strong></span> <span class='ocrx_word' id='word_1_15' title='bbox 259 531 412 596; x_wconf 78' lang='lat' dir='ltr'><strong>mercede</strong></span> <span class='ocrx_word' id='word_1_16' title='bbox 430 531 621 596; x_wconf 87' lang='lat' dir='ltr'><strong>inveniendi</strong></span> <span class='ocrx_word' id='word_1_17' title='bbox 636 530 707 594; x_wconf 90' lang='lat' dir='ltr'><strong>veri</strong></span> <span class='ocrx_word' id='word_1_18' title='bbox 728 527 937 612; x_wconf 84' lang='lat' dir='ltr'><strong>lacieudiqne</strong></span> <span class='ocrx_word' id='word_1_19' title='bbox 957 529 1039 594; x_wconf 86' lang='lat' dir='ltr'><strong>recti</strong></span> <span class='ocrx_word' id='word_1_20' title='bbox 1061 532 1195 598; x_wconf 69' lang='lat' dir='ltr'><strong>studiis</strong></span> <span class='ocrx_word' id='word_1_21' title='bbox 1235 529 1236 538; x_wconf 66' lang='grc'>’</span> 
     </span>
     <span class='ocr_line' id='line_1_5' title="bbox 89 631 1177 719; baseline -0.004 -17"><span class='ocrx_word' id='word_1_22' title='bbox 89 659 237 704; x_wconf 88' lang='lat' dir='ltr'><strong>concessa</strong></span> <span class='ocrx_word' id='word_1_23' title='bbox 271 632 549 716; x_wconf 69' lang='lat' dir='ltr'><strong>revelationisque</strong></span> <span class='ocrx_word' id='word_1_24' title='bbox 580 631 739 696; x_wconf 87' lang='lat' dir='ltr'><strong>naturalis</strong></span> <span class='ocrx_word' id='word_1_25' title='bbox 767 633 910 714; x_wconf 88' lang='lat' dir='ltr'><strong>quodam</strong></span> <span class='ocrx_word' id='word_1_26' title='bbox 933 633 1177 719; x_wconf 84' lang='lat' dir='ltr'><strong>supplemento,</strong></span> 
     </span>
     <span class='ocr_line' id='line_1_6' title="bbox 54 724 1175 821; baseline -0.004 -17"><span class='ocrx_word' id='word_1_27' title='bbox 54 759 55 762; x_wconf 74' lang='grc'>’</span> <span class='ocrx_word' id='word_1_28' title='bbox 90 724 266 804; x_wconf 85' lang='lat' dir='ltr'><strong>adiuvisset</strong></span> <span class='ocrx_word' id='word_1_29' title='bbox 276 736 334 818; x_wconf 75' lang='lat'>50).</span> <span class='ocrx_word' id='word_1_30' title='bbox 377 735 467 799; x_wconf 89' lang='lat' dir='ltr'><strong>Hinc</strong></span> <span class='ocrx_word' id='word_1_31' title='bbox 481 753 697 817; x_wconf 87' lang='lat' dir='ltr'><strong>quaecuuque</strong></span> <span class='ocrx_word' id='word_1_32' title='bbox 715 731 906 821; x_wconf 83' lang='lat' dir='ltr'><strong>philosophi</strong></span> <span class='ocrx_word' id='word_1_33' title='bbox 921 733 961 796; x_wconf 88' lang='lat' dir='ltr'><strong>de</strong></span> <span class='ocrx_word' id='word_1_34' title='bbox 982 733 1035 798; x_wconf 87' lang='lat' dir='ltr'><strong>dei</strong></span> <span class='ocrx_word' id='word_1_35' title='bbox 1057 749 1175 800; x_wconf 86' lang='lat' dir='ltr'><strong>natura</strong></span> 
     </span>
     <span class='ocr_line' id='line_1_7' title="bbox 89 833 1178 914; baseline -0.004 -8"><span class='ocrx_word' id='word_1_36' title='bbox 89 840 171 906; x_wconf 89' lang='lat' dir='ltr'><strong>bene</strong></span> <span class='ocrx_word' id='word_1_37' title='bbox 181 839 402 914; x_wconf 78' lang='lat' dir='ltr'><strong>docuissent,</strong></span> <span class='ocrx_word' id='word_1_38' title='bbox 413 859 482 900; x_wconf 92' lang='lat' dir='ltr'><strong>uon</strong></span> <span class='ocrx_word' id='word_1_39' title='bbox 506 835 566 900; x_wconf 90' lang='lat' dir='ltr'><strong>nisi</strong></span> <span class='ocrx_word' id='word_1_40' title='bbox 582 835 645 900; x_wconf 89' lang='lat' dir='ltr'><strong>deo</strong></span> <span class='ocrx_word' id='word_1_41' title='bbox 663 833 829 899; x_wconf 90' lang='lat' dir='ltr'><strong>revelante</strong></span> <span class='ocrx_word' id='word_1_42' title='bbox 842 835 880 900; x_wconf 87' lang='lat' dir='ltr'><strong>iis</strong></span> <span class='ocrx_word' id='word_1_43' title='bbox 894 835 1074 902; x_wconf 76' lang='lat' dir='ltr'><strong>innotuisse</strong></span> <span class='ocrx_word' id='word_1_44' title='bbox 1089 861 1178 902; x_wconf 63' lang='lat' dir='ltr'><strong>asse⁴</strong></span> 
     </span>
     <span class='ocr_line' id='line_1_8' title="bbox 89 935 1194 1030; baseline -0.002 -23"><span class='ocrx_word' id='word_1_45' title='bbox 89 943 173 1020; x_wconf 90' lang='lat' dir='ltr'><strong>ruit,</strong></span> <span class='ocrx_word' id='word_1_46' title='bbox 195 939 318 1030; x_wconf 83' lang='lat' dir='ltr'><strong>quippe</strong></span> <span class='ocrx_word' id='word_1_47' title='bbox 332 938 389 1024; x_wconf 90' lang='lat' dir='ltr'><strong>qui</strong></span> <span class='ocrx_word' id='word_1_48' title='bbox 403 961 521 1003; x_wconf 89' lang='lat' dir='ltr'><strong>eorum</strong></span> <span class='ocrx_word' id='word_1_49' title='bbox 535 937 698 1002; x_wconf 85' lang='lat' dir='ltr'><strong>rationein</strong></span> <span class='ocrx_word' id='word_1_50' title='bbox 714 935 948 1011; x_wconf 77' lang='lat' dir='ltr'><strong>illuminasset,</strong></span> <span class='ocrx_word' id='word_1_51' title='bbox 970 947 1007 1002; x_wconf 88' lang='lat' dir='ltr'><strong>ut</strong></span> <span class='ocrx_word' id='word_1_52' title='bbox 1025 959 1067 1003; x_wconf 84' lang='lat' dir='ltr'><strong>ex</strong></span> <span class='ocrx_word' id='word_1_53' title='bbox 1080 939 1177 1005; x_wconf 89' lang='lat' dir='ltr'><strong>simi·</strong></span> <span class='ocrx_word' id='word_1_54' title='bbox 1192 964 1194 968; x_wconf 90' lang='lat'>·</span> 
     </span>
     <span class='ocr_line' id='line_1_9' title="bbox 89 1037 1176 1129; baseline -0.002 -20"><span class='ocrx_word' id='word_1_55' title='bbox 89 1044 229 1110; x_wconf 90' lang='lat' dir='ltr'><strong>litudine</strong></span> <span class='ocrx_word' id='word_1_56' title='bbox 251 1041 475 1129; x_wconf 79' lang='lat' dir='ltr'><strong>corporalium</strong></span> <span class='ocrx_word' id='word_1_57' title='bbox 497 1061 554 1104; x_wconf 91' lang='lat' dir='ltr'><strong>seu</strong></span> <span class='ocrx_word' id='word_1_58' title='bbox 576 1037 756 1104; x_wconf 88' lang='lat' dir='ltr'><strong>visibilium</strong></span> <span class='ocrx_word' id='word_1_59' title='bbox 772 1061 885 1104; x_wconf 88' lang='lat' dir='ltr'><strong>rerum</strong></span> <span class='ocrx_word' id='word_1_60' title='bbox 901 1040 941 1104; x_wconf 92' lang='lat' dir='ltr'><strong>ad</strong></span> <span class='ocrx_word' id='word_1_61' title='bbox 959 1039 1176 1107; x_wconf 80' lang='lat' dir='ltr'><strong>invisibilium</strong></span> 
     </span>
     <span class='ocr_line' id='line_1_10' title="bbox 90 1139 1176 1230; baseline -0.004 -19.083"><span class='ocrx_word' id='word_1_62' title='bbox 90 1158 242 1212; x_wconf 84' lang='lat' dir='ltr'><strong>naturam</strong></span> <span class='ocrx_word' id='word_1_63' title='bbox 256 1141 544 1230; x_wconf 86' lang='lat' dir='ltr'><strong>contemplandam</strong></span> <span class='ocrx_word' id='word_1_64' title='bbox 559 1151 769 1229; x_wconf 86' lang='lat' dir='ltr'><strong>assurgerent</strong></span> <span class='ocrx_word' id='word_1_65' title='bbox 783 1139 882 1226; x_wconf 89' lang='grc'>(1317</span> <span class='ocrx_word' id='word_1_66' title='bbox 889 1139 926 1205; x_wconf 84' lang='lat' dir='ltr'><strong>C·</strong></span> <span class='ocrx_word' id='word_1_67' title='bbox 943 1140 994 1205; x_wconf 91' lang='lat' dir='ltr'><strong>cll.</strong></span> <span class='ocrx_word' id='word_1_68' title='bbox 1006 1139 1119 1206; x_wconf 79' lang='lat' dir='ltr'><strong>tunes</strong></span> <span class='ocrx_word' id='word_1_69' title='bbox 1130 1143 1176 1227; x_wconf 79' lang='lat' dir='ltr'><strong>l).</strong></span> 
     </span>
     <span class='ocr_line' id='line_1_11' title="bbox 93 1241 1184 1332; baseline -0.002 -20"><span class='ocrx_word' id='word_1_70' title='bbox 93 1248 195 1314; x_wconf 82' lang='lat' dir='ltr'><strong>Etilli</strong></span> <span class='ocrx_word' id='word_1_71' title='bbox 212 1249 302 1325; x_wconf 88' lang='lat' dir='ltr'><strong>loco,</strong></span> <span class='ocrx_word' id='word_1_72' title='bbox 322 1243 449 1332; x_wconf 88' lang='lat' dir='ltr'><strong>quoad</strong></span> <span class='ocrx_word' id='word_1_73' title='bbox 476 1244 572 1308; x_wconf 91' lang='lat' dir='ltr'><strong>unius</strong></span> <span class='ocrx_word' id='word_1_74' title='bbox 594 1243 648 1308; x_wconf 91' lang='lat' dir='ltr'><strong>dei</strong></span> <span class='ocrx_word' id='word_1_75' title='bbox 669 1242 921 1330; x_wconf 85' lang='lat' dir='ltr'><strong>intelligentiam</strong></span> <span class='ocrx_word' id='word_1_76' title='bbox 941 1242 1012 1330; x_wconf 86' lang='lat' dir='ltr'><strong>ipsa</strong></span> <span class='ocrx_word' id='word_1_77' title='bbox 1028 1241 1184 1331; x_wconf 69' lang='lat' dir='ltr'><strong>philoso-v</strong></span> 
     </span>
     <span class='ocr_line' id='line_1_12' title="bbox 90 1343 1195 1438; baseline -0.002 -23"><span class='ocrx_word' id='word_1_78' title='bbox 90 1349 187 1438; x_wconf 85' lang='lat' dir='ltr'><strong>phiae</strong></span> <span class='ocrx_word' id='word_1_79' title='bbox 210 1349 338 1414; x_wconf 89' lang='lat' dir='ltr'><strong>ratione</strong></span> <span class='ocrx_word' id='word_1_80' title='bbox 359 1347 534 1434; x_wconf 90' lang='lat' dir='ltr'><strong>perductos</strong></span> <span class='ocrx_word' id='word_1_81' title='bbox 547 1367 602 1409; x_wconf 86' lang='lat' dir='ltr'><strong>eos</strong></span> <span class='ocrx_word' id='word_1_82' title='bbox 619 1367 689 1410; x_wconf 88' lang='lat' dir='ltr'><strong>esse</strong></span> <span class='ocrx_word' id='word_1_83' title='bbox 701 1346 850 1425; x_wconf 77' lang='lat' dir='ltr'><strong>dixerat,</strong></span> <span class='ocrx_word' id='word_1_84' title='bbox 879 1343 1025 1424; x_wconf 71' lang='lat' dir='ltr'><strong>adiecit,</strong></span> <span class='ocrx_word' id='word_1_85' title='bbox 1044 1348 1195 1424; x_wconf 81' lang='lat' dir='ltr'><strong>„conti--</strong></span> 
     </span>
     <span class='ocr_line' id='line_1_13' title="bbox 70 1446 1178 1537; baseline 0 -21"><span class='ocrx_word' id='word_1_86' title='bbox 70 1495 73 1498; x_wconf 96' lang='lat'>-</span> <span class='ocrx_word' id='word_1_87' title='bbox 90 1451 329 1535; x_wconf 79' lang='lat' dir='ltr'><strong>„nentisshnae</strong></span> <span class='ocrx_word' id='word_1_88' title='bbox 342 1450 427 1516; x_wconf 83' lang='lat' dir='ltr'><strong>vitae</strong></span> <span class='ocrx_word' id='word_1_89' title='bbox 440 1447 647 1515; x_wconf 88' lang='lat' dir='ltr'><strong>sobrietatem</strong></span> <span class='ocrx_word' id='word_1_90' title='bbox 664 1449 806 1534; x_wconf 88' lang='lat' dir='ltr'><strong>quodam</strong></span> <span class='ocrx_word' id='word_1_91' title='bbox 822 1446 868 1510; x_wconf 88' lang='lat' dir='ltr'><strong>eis</strong></span> <span class='ocrx_word' id='word_1_92' title='bbox 884 1446 1004 1510; x_wconf 90' lang='lat' dir='ltr'><strong>merito</strong></span> <span class='ocrx_word' id='word_1_93' title='bbox 1017 1446 1178 1537; x_wconf 83' lang='lat' dir='ltr'><strong>idipsum</strong></span> 
     </span>
     <span class='ocr_line' id='line_1_14' title="bbox 81 1547 1177 1640; baseline 0 -23"><span class='ocrx_word' id='word_1_94' title='bbox 81 1552 352 1638; x_wconf 67' lang='lat' dir='ltr'><strong>„acquissivisse-</strong></span> <span class='ocrx_word' id='word_1_95' title='bbox 403 1549 588 1638; x_wconf 78' lang='lat' dir='ltr'><strong>Oportebat</strong></span> <span class='ocrx_word' id='word_1_96' title='bbox 609 1550 717 1630; x_wconf 88' lang='lat' dir='ltr'><strong>enim,</strong></span> <span class='ocrx_word' id='word_1_97' title='bbox 753 1559 892 1615; x_wconf 72' lang='lat' dir='ltr'><strong>altune</strong></span> <span class='ocrx_word' id='word_1_98' title='bbox 913 1547 1013 1637; x_wconf 83' lang='lat' dir='ltr'><strong>ctiam</strong></span> <span class='ocrx_word' id='word_1_99' title='bbox 1036 1550 1072 1616; x_wconf 88' lang='lat' dir='ltr'><strong>in</strong></span> <span class='ocrx_word' id='word_1_100' title='bbox 1098 1551 1177 1640; x_wconf 89' lang='lat' dir='ltr'><strong>ipsis</strong></span> 
     </span>
     <span class='ocr_line' id='line_1_15' title="bbox 91 1649 1178 1742; baseline 0.001 -23"><span class='ocrx_word' id='word_1_101' title='bbox 91 1649 1178 1742; x_wconf 81' lang='lat' dir='ltr'><strong>„praesignaretdeusperaliquodabundantiorisgratiaedonum,</strong></span> 
     </span>
     <span class='ocr_line' id='line_1_16' title="bbox 90 1751 1179 1842; baseline 0.001 -21"><span class='ocrx_word' id='word_1_102' title='bbox 90 1779 216 1842; x_wconf 83' lang='lat' dir='ltr'><strong>„quam</strong></span> <span class='ocrx_word' id='word_1_103' title='bbox 235 1753 400 1840; x_wconf 86' lang='lat' dir='ltr'><strong>acceptior</strong></span> <span class='ocrx_word' id='word_1_104' title='bbox 413 1753 455 1818; x_wconf 90' lang='lat' dir='ltr'><strong>sit</strong></span> <span class='ocrx_word' id='word_1_105' title='bbox 469 1754 517 1829; x_wconf 82' lang='lat' dir='ltr'><strong>ei,</strong></span> <span class='ocrx_word' id='word_1_106' title='bbox 542 1755 599 1840; x_wconf 91' lang='lat' dir='ltr'><strong>qui</strong></span> <span class='ocrx_word' id='word_1_107' title='bbox 615 1753 725 1819; x_wconf 89' lang='lat' dir='ltr'><strong>sobrie</strong></span> <span class='ocrx_word' id='word_1_108' title='bbox 740 1751 838 1830; x_wconf 80' lang='lat' dir='ltr'><strong>vivit,</strong></span> <span class='ocrx_word' id='word_1_109' title='bbox 861 1761 893 1814; x_wconf 90' lang='lat' dir='ltr'><strong>et</strong></span> <span class='ocrx_word' id='word_1_110' title='bbox 908 1775 942 1815; x_wconf 91' lang='lat' dir='ltr'><strong>se</strong></span> <span class='ocrx_word' id='word_1_111' title='bbox 957 1753 998 1816; x_wconf 85' lang='lat' dir='ltr'><strong>ab</strong></span> <span class='ocrx_word' id='word_1_112' title='bbox 1015 1754 1179 1822; x_wconf 87' lang='lat' dir='ltr'><strong>illecebris</strong></span> 
     </span>
     <span class='ocr_line' id='line_1_17' title="bbox 76 1853 1178 1943; baseline 0.002 -21"><span class='ocrx_word' id='word_1_113' title='bbox 76 1857 216 1942; x_wconf 72' lang='lat' dir='ltr'><strong>÷„huius</strong></span> <span class='ocrx_word' id='word_1_114' title='bbox 240 1856 357 1921; x_wconf 89' lang='lat' dir='ltr'><strong>mundi</strong></span> <span class='ocrx_word' id='word_1_115' title='bbox 386 1879 447 1943; x_wconf 88' lang='lat' dir='ltr'><strong>per</strong></span> <span class='ocrx_word' id='word_1_116' title='bbox 473 1867 675 1920; x_wconf 81' lang='lat' dir='ltr'><strong>contemtum</strong></span> <span class='ocrx_word' id='word_1_117' title='bbox 699 1857 769 1920; x_wconf 90' lang='lat' dir='ltr'><strong>eius</strong></span> <span class='ocrx_word' id='word_1_118' title='bbox 790 1853 969 1934; x_wconf 87' lang='lat' dir='ltr'><strong>subtrahit,</strong></span> <span class='ocrx_word' id='word_1_119' title='bbox 999 1877 1098 1939; x_wconf 86' lang='lat' dir='ltr'><strong>quam</strong></span> <span class='ocrx_word' id='word_1_120' title='bbox 1121 1861 1178 1942; x_wconf 88' lang='lat' dir='ltr'><strong>qui</strong></span> 
     </span>
     <span class='ocr_line' id='line_1_18' title="bbox 90 1956 1185 2046; baseline 0.001 -22"><span class='ocrx_word' id='word_1_121' title='bbox 90 2008 108 2041; x_wconf 87' lang='lat'><strong>‚‚</strong></span> <span class='ocrx_word' id='word_1_122' title='bbox 118 1959 340 2046; x_wconf 88' lang='lat' dir='ltr'><strong>voluptatibus</strong></span> <span class='ocrx_word' id='word_1_123' title='bbox 352 1958 421 2023; x_wconf 89' lang='lat' dir='ltr'><strong>eius</strong></span> <span class='ocrx_word' id='word_1_124' title='bbox 437 1958 567 2030; x_wconf 71' lang='lat' dir='ltr'><strong>deditus,</strong></span> <span class='ocrx_word' id='word_1_125' title='bbox 581 1957 732 2026; x_wconf 88' lang='lat' dir='ltr'><strong>omnibus</strong></span> <span class='ocrx_word' id='word_1_126' title='bbox 750 1957 915 2044; x_wconf 88' lang='lat' dir='ltr'><strong>spurcitiis</strong></span> <span class='ocrx_word' id='word_1_127' title='bbox 934 1980 969 2021; x_wconf 87' lang='lat' dir='ltr'><strong>se</strong></span> <span class='ocrx_word' id='word_1_128' title='bbox 984 1956 1185 2044; x_wconf 57' lang='lat' dir='ltr'><strong>immerget</strong></span> 
     </span>
     <span class='ocr_line' id='line_1_19' title="bbox 91 2059 1177 2143; baseline 0.003 -20"><span class='ocrx_word' id='word_1_129' title='bbox 91 2060 397 2142; x_wconf 61' lang='lat'>(1171021004).</span> <span class='ocrx_word' id='word_1_130' title='bbox 421 2059 1177 2143; x_wconf 85' lang='lat' dir='ltr'><strong>Quemadmodumautemnonomnesomnino</strong></span> 
     </span>
     <span class='ocr_line' id='line_1_20' title="bbox 91 2161 1180 2250; baseline 0 -22"><span class='ocrx_word' id='word_1_131' title='bbox 91 2162 244 2229; x_wconf 85' lang='lat' dir='ltr'><strong>homines</strong></span> <span class='ocrx_word' id='word_1_132' title='bbox 257 2163 346 2228; x_wconf 89' lang='lat' dir='ltr'><strong>illius</strong></span> <span class='ocrx_word' id='word_1_133' title='bbox 357 2163 480 2246; x_wconf 82' lang='lat' dir='ltr'><strong>gratiae</strong></span> <span class='ocrx_word' id='word_1_134' title='bbox 497 2162 671 2250; x_wconf 82' lang='lat' dir='ltr'><strong>participes</strong></span> <span class='ocrx_word' id='word_1_135' title='bbox 688 2161 786 2228; x_wconf 88' lang='lat' dir='ltr'><strong>fuisse</strong></span> <span class='ocrx_word' id='word_1_136' title='bbox 802 2162 901 2238; x_wconf 86' lang='lat' dir='ltr'><strong>dixit,</strong></span> <span class='ocrx_word' id='word_1_137' title='bbox 929 2161 973 2225; x_wconf 90' lang='lat' dir='ltr'><strong>ita</strong></span> <span class='ocrx_word' id='word_1_138' title='bbox 989 2161 1098 2226; x_wconf 88' lang='lat' dir='ltr'><strong>lucem</strong></span> <span class='ocrx_word' id='word_1_139' title='bbox 1109 2165 1180 2228; x_wconf 84' lang='lat' dir='ltr'><strong>cla-</strong></span> 
     </span>
     <span class='ocr_line' id='line_1_21' title="bbox 89 2263 1179 2332; baseline -0.001 0"><span class='ocrx_word' id='word_1_140' title='bbox 89 2267 299 2332; x_wconf 85' lang='lat' dir='ltr'><strong>riorem-non</strong></span> <span class='ocrx_word' id='word_1_141' title='bbox 312 2265 413 2329; x_wconf 88' lang='lat' dir='ltr'><strong>semel</strong></span> <span class='ocrx_word' id='word_1_142' title='bbox 431 2275 556 2328; x_wconf 88' lang='lat' dir='ltr'><strong>tantum</strong></span> <span class='ocrx_word' id='word_1_143' title='bbox 574 2264 710 2329; x_wconf 88' lang='lat' dir='ltr'><strong>coelitus</strong></span> <span class='ocrx_word' id='word_1_144' title='bbox 723 2263 896 2329; x_wconf 87' lang='lat' dir='ltr'><strong>demissam</strong></span> <span class='ocrx_word' id='word_1_145' title='bbox 905 2283 974 2326; x_wconf 82' lang='lat' dir='ltr'><strong>esse</strong></span> <span class='ocrx_word' id='word_1_146' title='bbox 986 2265 1179 2331; x_wconf 86' lang='lat' dir='ltr'><strong>rectiorem-</strong></span> 
     </span>
     <span class='ocr_line' id='line_1_22' title="bbox 92 2365 1188 2453; baseline 0 -22"><span class='ocrx_word' id='word_1_147' title='bbox 92 2389 156 2452; x_wconf 87' lang='lat' dir='ltr'><strong>que</strong></span> <span class='ocrx_word' id='word_1_148' title='bbox 171 2367 353 2432; x_wconf 88' lang='lat' dir='ltr'><strong>doctrinam</strong></span> <span class='ocrx_word' id='word_1_149' title='bbox 370 2365 489 2430; x_wconf 86' lang='lat' dir='ltr'><strong>dainde</strong></span> <span class='ocrx_word' id='word_1_150' title='bbox 500 2367 592 2451; x_wconf 87' lang='lat' dir='ltr'><strong>quasi</strong></span> <span class='ocrx_word' id='word_1_151' title='bbox 610 2389 669 2453; x_wconf 87' lang='lat' dir='ltr'><strong>per</strong></span> <span class='ocrx_word' id='word_1_152' title='bbox 684 2365 968 2430; x_wconf 85' lang='lat' dir='ltr'><strong>manustraditam</strong></span> <span class='ocrx_word' id='word_1_153' title='bbox 984 2367 1023 2430; x_wconf 90' lang='lat' dir='ltr'><strong>ad</strong></span> <span class='ocrx_word' id='word_1_154' title='bbox 1038 2367 1188 2432; x_wconf 85' lang='lat' dir='ltr'><strong>seriores</strong></span> 
     </span>
     <span class='ocr_line' id='line_1_23' title="bbox 92 2465 1187 2556; baseline 0.004 -24"><span class='ocrx_word' id='word_1_155' title='bbox 92 2470 299 2556; x_wconf 90' lang='lat' dir='ltr'><strong>pervenisse,</strong></span> <span class='ocrx_word' id='word_1_156' title='bbox 331 2489 395 2553; x_wconf 90' lang='lat' dir='ltr'><strong>qua</strong></span> <span class='ocrx_word' id='word_1_157' title='bbox 418 2465 627 2532; x_wconf 82' lang='lat' dir='ltr'><strong>fundamenti</strong></span> <span class='ocrx_word' id='word_1_158' title='bbox 651 2468 754 2531; x_wconf 89' lang='lat' dir='ltr'><strong>instar</strong></span> <span class='ocrx_word' id='word_1_159' title='bbox 775 2466 882 2531; x_wconf 90' lang='lat' dir='ltr'><strong>omnis</strong></span> <span class='ocrx_word' id='word_1_160' title='bbox 906 2467 1026 2532; x_wconf 89' lang='lat' dir='ltr'><strong>melior</strong></span> <span class='ocrx_word' id='word_1_161' title='bbox 1043 2465 1187 2536; x_wconf 81' lang='lat' dir='ltr'><strong>dedeo-</strong></span> 
     </span>
     <span class='ocr_line' id='line_1_24' title="bbox 78 2568 1190 2656; baseline 0.008 -28"><span class='ocrx_word' id='word_1_162' title='bbox 78 2569 257 2656; x_wconf 73' lang='lat' dir='ltr'><strong>rebasque</strong></span> <span class='ocrx_word' id='word_1_163' title='bbox 279 2570 398 2633; x_wconf 87' lang='lat' dir='ltr'><strong>divinis</strong></span> <span class='ocrx_word' id='word_1_164' title='bbox 427 2570 587 2634; x_wconf 89' lang='lat' dir='ltr'><strong>institutio</strong></span> <span class='ocrx_word' id='word_1_165' title='bbox 612 2570 790 2649; x_wconf 87' lang='lat' dir='ltr'><strong>niteretur,</strong></span> <span class='ocrx_word' id='word_1_166' title='bbox 825 2569 880 2632; x_wconf 91' lang='lat' dir='ltr'><strong>sed</strong></span> <span class='ocrx_word' id='word_1_167' title='bbox 907 2568 1031 2634; x_wconf 87' lang='lat' dir='ltr'><strong>iteratis</strong></span> <span class='ocrx_word' id='word_1_168' title='bbox 1051 2571 1190 2637; x_wconf 81' lang='lat' dir='ltr'><strong>vicibus-</strong></span> 
     </span>
     <span class='ocr_line' id='line_1_25' title="bbox 34 2663 1181 2760; baseline 0.002 -24"><span class='ocrx_word' id='word_1_169' title='bbox 34 2664 37 2670; x_wconf 64' lang='grc'><strong>’</strong></span> <span class='ocrx_word' id='word_1_170' title='bbox 94 2670 194 2736; x_wconf 90' lang='lat' dir='ltr'><strong>deum</strong></span> <span class='ocrx_word' id='word_1_171' title='bbox 213 2667 458 2755; x_wconf 83' lang='lat' dir='ltr'><strong>sapientissimis</strong></span> <span class='ocrx_word' id='word_1_172' title='bbox 473 2663 654 2755; x_wconf 88' lang='lat' dir='ltr'><strong>quibusque</strong></span> <span class='ocrx_word' id='word_1_173' title='bbox 675 2694 712 2736; x_wconf 90' lang='lat' dir='ltr'><strong>ac</strong></span> <span class='ocrx_word' id='word_1_174' title='bbox 728 2671 861 2759; x_wconf 88' lang='lat' dir='ltr'><strong>optimis</strong></span> <span class='ocrx_word' id='word_1_175' title='bbox 882 2669 1032 2735; x_wconf 89' lang='lat' dir='ltr'><strong>omnium</strong></span> <span class='ocrx_word' id='word_1_176' title='bbox 1048 2684 1181 2760; x_wconf 88' lang='lat' dir='ltr'><strong>tempo·</strong></span> 
     </span>
     <span class='ocr_line' id='line_1_26' title="bbox 78 2763 1182 2862; baseline 0.006 -28"><span class='ocrx_word' id='word_1_177' title='bbox 78 2763 174 2838; x_wconf 84' lang='lat' dir='ltr'><strong>rum</strong></span> <span class='ocrx_word' id='word_1_178' title='bbox 187 2769 399 2856; x_wconf 88' lang='lat' dir='ltr'><strong>gentiumque</strong></span> <span class='ocrx_word' id='word_1_179' title='bbox 417 2767 656 2852; x_wconf 55' lang='lat' dir='ltr'><strong>(narn&#39;ab‘lndis</strong></span> <span class='ocrx_word' id='word_1_180' title='bbox 671 2775 753 2842; x_wconf 86' lang='lat' dir='ltr'><strong>adeo</strong></span> <span class='ocrx_word' id='word_1_181' title='bbox 768 2796 825 2837; x_wconf 87' lang='lat' dir='ltr'><strong>sua</strong></span> <span class='ocrx_word' id='word_1_182' title='bbox 839 2771 1027 2836; x_wconf 87' lang='lat' dir='ltr'><strong>testimonia</strong></span> <span class='ocrx_word' id='word_1_183' title='bbox 1041 2776 1182 2862; x_wconf 83' lang='lat' dir='ltr'><strong>repetiit.</strong></span> 
     </span>
     <span class='ocr_line' id='line_1_27' title="bbox 95 2870 1182 2959; baseline 0 -21"><span class='ocrx_word' id='word_1_184' title='bbox 95 2872 228 2938; x_wconf 78' lang='grc'>11911).</span> <span class='ocrx_word' id='word_1_185' title='bbox 238 2893 308 2956; x_wconf 85' lang='lat' dir='ltr'><strong>sqq.</strong></span> <span class='ocrx_word' id='word_1_186' title='bbox 323 2901 367 2928; x_wconf 88' lang='lat'><strong><em>=</em></strong></span> <span class='ocrx_word' id='word_1_187' title='bbox 379 2870 536 2956; x_wconf 74' lang='lat' dir='ltr'><strong>tosesq.)</strong></span> <span class='ocrx_word' id='word_1_188' title='bbox 546 2873 775 2956; x_wconf 86' lang='lat' dir='ltr'><strong>perfectiorem</strong></span> <span class='ocrx_word' id='word_1_189' title='bbox 787 2873 842 2944; x_wconf 87' lang='lat' dir='ltr'><strong>sui</strong></span> <span class='ocrx_word' id='word_1_190' title='bbox 860 2873 1011 2937; x_wconf 87' lang='lat' dir='ltr'><strong>notitiam</strong></span> <span class='ocrx_word' id='word_1_191' title='bbox 1028 2873 1182 2959; x_wconf 80' lang='lat' dir='ltr'><strong>largitum</strong></span> 
     </span>
     <span class='ocr_line' id='line_1_28' title="bbox 94 2972 1181 3060; baseline 0.005 -22"><span class='ocrx_word' id='word_1_192' title='bbox 94 2998 165 3039; x_wconf 89' lang='lat' dir='ltr'><strong>esse</strong></span> <span class='ocrx_word' id='word_1_193' title='bbox 189 2974 324 3060; x_wconf 89' lang='lat' dir='ltr'><strong>putavit.</strong></span> <span class='ocrx_word' id='word_1_194' title='bbox 366 2973 434 3036; x_wconf 88' lang='lat' dir='ltr'><strong>lam</strong></span> <span class='ocrx_word' id='word_1_195' title='bbox 467 2995 547 3037; x_wconf 83' lang='lat' dir='ltr'><strong>vero</strong></span> <span class='ocrx_word' id='word_1_196' title='bbox 577 2995 679 3056; x_wconf 86' lang='lat' dir='ltr'><strong>quum</strong></span> <span class='ocrx_word' id='word_1_197' title='bbox 707 2974 788 3036; x_wconf 89' lang='lat' dir='ltr'><strong>illud</strong></span> <span class='ocrx_word' id='word_1_198' title='bbox 818 2995 896 3036; x_wconf 86' lang='lat' dir='ltr'><strong>vere</strong></span> <span class='ocrx_word' id='word_1_199' title='bbox 925 2972 1050 3038; x_wconf 89' lang='lat' dir='ltr'><strong>factum</strong></span> <span class='ocrx_word' id='word_1_200' title='bbox 1071 2998 1181 3054; x_wconf 83' lang='lat' dir='ltr'><strong>essee</strong></span> 
     </span>
     <span class='ocr_line' id='line_1_29' title="bbox 92 3073 1182 3165; baseline 0.005 -25"><span class='ocrx_word' id='word_1_201' title='bbox 92 3073 372 3165; x_wconf 87' lang='lat' dir='ltr'><strong>philosophorum</strong></span> <span class='ocrx_word' id='word_1_202' title='bbox 388 3075 538 3138; x_wconf 87' lang='lat' dir='ltr'><strong>doctrina</strong></span> <span class='ocrx_word' id='word_1_203' title='bbox 553 3073 837 3162; x_wconf 86' lang='lat' dir='ltr'><strong>comprobandum</strong></span> <span class='ocrx_word' id='word_1_204' title='bbox 853 3083 951 3151; x_wconf 82' lang='lat' dir='ltr'><strong>essct,</strong></span> <span class='ocrx_word' id='word_1_205' title='bbox 972 3075 1005 3138; x_wconf 89' lang='lat' dir='ltr'><strong>id</strong></span> <span class='ocrx_word' id='word_1_206' title='bbox 1022 3073 1098 3140; x_wconf 82' lang='lat' dir='ltr'><strong>lieri</strong></span> <span class='ocrx_word' id='word_1_207' title='bbox 1114 3101 1182 3144; x_wconf 90' lang='lat' dir='ltr'><strong>non</strong></span> 
     </span>
     <span class='ocr_line' id='line_1_30' title="bbox 94 3174 1195 3266; baseline 0.005 -26"><span class='ocrx_word' id='word_1_208' title='bbox 94 3179 220 3266; x_wconf 87' lang='lat' dir='ltr'><strong>potuit,</strong></span> <span class='ocrx_word' id='word_1_209' title='bbox 234 3213 236 3216; x_wconf 95' lang='lat'>·</span> <span class='ocrx_word' id='word_1_210' title='bbox 250 3175 315 3240; x_wconf 90' lang='lat' dir='ltr'><strong>nisi</strong></span> <span class='ocrx_word' id='word_1_211' title='bbox 339 3180 639 3251; x_wconf 85' lang='lat' dir='ltr'><strong>demonstraretur,</strong></span> <span class='ocrx_word' id='word_1_212' title='bbox 670 3177 785 3242; x_wconf 86' lang='lat' dir='ltr'><strong>eedem</strong></span> <span class='ocrx_word' id='word_1_213' title='bbox 808 3197 864 3239; x_wconf 90' lang='lat' dir='ltr'><strong>eos</strong></span> <span class='ocrx_word' id='word_1_214' title='bbox 879 3174 1074 3258; x_wconf 88' lang='lat' dir='ltr'><strong>credidisse,</strong></span> <span class='ocrx_word' id='word_1_215' title='bbox 1086 3216 1087 3220; x_wconf 62' lang='lat'><em>=</em></span> <span class='ocrx_word' id='word_1_216' title='bbox 1100 3199 1195 3266; x_wconf 84' lang='lat' dir='ltr'><strong>quae&#39;</strong></span> 
     </span>
     <span class='ocr_line' id='line_1_31' title="bbox 96 3277 1182 3363; baseline 0.004 -19"><span class='ocrx_word' id='word_1_217' title='bbox 96 3277 277 3344; x_wconf 89' lang='lat' dir='ltr'><strong>Christiani</strong></span> <span class='ocrx_word' id='word_1_218' title='bbox 312 3289 473 3344; x_wconf 65' lang='lat' dir='ltr'><strong>tenerent,</strong></span> <span class='ocrx_word' id='word_1_219' title='bbox 528 3278 628 3362; x_wconf 87' lang='lat' dir='ltr'><strong>Quod</strong></span> <span class='ocrx_word' id='word_1_220' title='bbox 665 3280 832 3363; x_wconf 89' lang='lat' dir='ltr'><strong>quomodo</strong></span> <span class='ocrx_word' id='word_1_221' title='bbox 867 3277 1026 3356; x_wconf 86' lang='lat' dir='ltr'><strong>efficeret,</strong></span> <span class='ocrx_word' id='word_1_222' title='bbox 1065 3283 1182 3348; x_wconf 85' lang='lat' dir='ltr'><strong>anxius</strong></span> 
     </span>
     <span class='ocr_line' id='line_1_32' title="bbox 96 3380 1181 3496; baseline 0.004 -50"><span class='ocrx_word' id='word_1_223' title='bbox 96 3403 167 3446; x_wconf 86' lang='lat' dir='ltr'><strong>esse</strong></span> <span class='ocrx_word' id='word_1_224' title='bbox 189 3402 257 3446; x_wconf 87' lang='lat' dir='ltr'><strong>non</strong></span> <span class='ocrx_word' id='word_1_225' title='bbox 279 3380 395 3468; x_wconf 89' lang='lat' dir='ltr'><strong>potuit.</strong></span> <span class='ocrx_word' id='word_1_226' title='bbox 441 3380 588 3460; x_wconf 89' lang='lat' dir='ltr'><strong>Licitum</strong></span> <span class='ocrx_word' id='word_1_227' title='bbox 610 3382 715 3458; x_wconf 89' lang='lat' dir='ltr'><strong>enim,</strong></span> <span class='ocrx_word' id='word_1_228' title='bbox 734 3380 814 3447; x_wconf 88' lang='lat' dir='ltr'><strong>imo</strong></span> <span class='ocrx_word' id='word_1_229' title='bbox 835 3381 1054 3454; x_wconf 82' lang='lat' dir='ltr'><strong>necessarium</strong></span> <span class='ocrx_word' id='word_1_230' title='bbox 1076 3383 1181 3496; x_wconf 67' lang='lat' dir='ltr'><strong>duait,</strong></span> 
     </span>
    </p>
   </div>
   <div class='ocr_carea' id='block_1_3' title="bbox 95 3565 1200 3986">
    <p class='ocr_par' dir='ltr' id='par_1_3' title="bbox 96 3565 1190 3986">
     <span class='ocr_line' id='line_1_33' title="bbox 132 3565 1190 3650; baseline 0.006 -30.104"><span class='ocrx_word' id='word_1_231' title='bbox 132 3565 195 3630; x_wconf 81' lang='grc'><strong>50)</strong></span> <span class='ocrx_word' id='word_1_232' title='bbox 220 3565 615 3637; x_wconf 77' lang='lat' dir='ltr'><strong>cn.dia1.p.51.1‘1atos.:</strong></span> <span class='ocrx_word' id='word_1_233' title='bbox 666 3567 1190 3650; x_wconf 79' lang='lat' dir='ltr'><strong>,‚possint‚anlrocrpmmetiamid-·</strong></span> 
     </span>
     <span class='ocr_line' id='line_1_34' title="bbox 95 3637 1182 3710; baseline 0.007 -22.145"><span class='ocrx_word' id='word_1_234' title='bbox 95 3637 191 3702; x_wconf 87' lang='lat' dir='ltr'><strong>„Dum</strong></span> <span class='ocrx_word' id='word_1_235' title='bbox 219 3653 299 3702; x_wconf 85' lang='lat' dir='ltr'><strong>vero,</strong></span> <span class='ocrx_word' id='word_1_236' title='bbox 329 3647 455 3704; x_wconf 89' lang='lat' dir='ltr'><strong>quantum</strong></span> <span class='ocrx_word' id='word_1_237' title='bbox 487 3642 618 3702; x_wconf 80' lang='lat' dir='ltr'><strong>valemus,</strong></span> <span class='ocrx_word' id='word_1_238' title='bbox 667 3641 784 3706; x_wconf 86' lang='lat' dir='ltr'><strong>„spirat,</strong></span> <span class='ocrx_word' id='word_1_239' title='bbox 810 3647 840 3689; x_wconf 87' lang='lat' dir='ltr'><strong>nt</strong></span> <span class='ocrx_word' id='word_1_240' title='bbox 857 3637 951 3691; x_wconf 85' lang='lat' dir='ltr'><strong>velint.</strong></span> <span class='ocrx_word' id='word_1_241' title='bbox 985 3641 1019 3691; x_wconf 86' lang='lat' dir='ltr'><strong>Et</strong></span> <span class='ocrx_word' id='word_1_242' title='bbox 1036 3643 1081 3710; x_wconf 89' lang='lat' dir='ltr'><strong>qui</strong></span> <span class='ocrx_word' id='word_1_243' title='bbox 1102 3657 1182 3710; x_wconf 83' lang='lat' dir='ltr'><strong>saepe</strong></span> 
     </span>
     <span class='ocr_line' id='line_1_35' title="bbox 95 3672 1183 3774; baseline 0.007 -18.167"><span class='ocrx_word' id='word_1_244' title='bbox 95 3672 155 3772; x_wconf 51' lang='lat' dir='ltr'><strong>:lde</strong></span> <span class='ocrx_word' id='word_1_245' title='bbox 180 3715 272 3758; x_wconf 87' lang='lat' dir='ltr'><strong>nostra</strong></span> <span class='ocrx_word' id='word_1_246' title='bbox 295 3707 403 3759; x_wconf 85' lang='lat' dir='ltr'><strong>solliciti</strong></span> <span class='ocrx_word' id='word_1_247' title='bbox 425 3709 509 3761; x_wconf 86' lang='lat' dir='ltr'><strong>salute</strong></span> <span class='ocrx_word' id='word_1_248' title='bbox 538 3709 618 3760; x_wconf 88' lang='lat' dir='ltr'><strong>deum</strong></span> <span class='ocrx_word' id='word_1_249' title='bbox 668 3708 788 3774; x_wconf 86' lang='lat' dir='ltr'><strong>„invitos</strong></span> <span class='ocrx_word' id='word_1_250' title='bbox 805 3706 902 3772; x_wconf 86' lang='lat' dir='ltr'><strong>trahit,</strong></span> <span class='ocrx_word' id='word_1_251' title='bbox 921 3709 1045 3762; x_wconf 85' lang='lat' dir='ltr'><strong>volentes</strong></span> <span class='ocrx_word' id='word_1_252' title='bbox 1064 3727 1120 3763; x_wconf 88' lang='lat' dir='ltr'><strong>nou</strong></span> <span class='ocrx_word' id='word_1_253' title='bbox 1137 3714 1183 3764; x_wconf 75' lang='lat' dir='ltr'><strong>rb-</strong></span> 
     </span>
     <span class='ocr_line' id='line_1_36' title="bbox 96 3773 1185 3856; baseline 0.007 -31"><span class='ocrx_word' id='word_1_254' title='bbox 96 3773 291 3854; x_wconf 53' lang='lat' dir='ltr'><strong>„inquirimnm</strong></span> <span class='ocrx_word' id='word_1_255' title='bbox 317 3776 375 3828; x_wconf 86' lang='lat' dir='ltr'><strong>eius</strong></span> <span class='ocrx_word' id='word_1_256' title='bbox 397 3777 489 3845; x_wconf 86' lang='lat' dir='ltr'><strong>utique</strong></span> <span class='ocrx_word' id='word_1_257' title='bbox 512 3779 619 3844; x_wconf 86' lang='lat' dir='ltr'><strong>supplet</strong></span> <span class='ocrx_word' id='word_1_258' title='bbox 668 3777 745 3845; x_wconf 87' lang='lat' dir='ltr'><strong>„iicit</strong></span> <span class='ocrx_word' id='word_1_259' title='bbox 757 3784 790 3828; x_wconf 85' lang='lat' dir='ltr'><strong>et</strong></span> <span class='ocrx_word' id='word_1_260' title='bbox 798 3776 894 3848; x_wconf 87' lang='lat' dir='ltr'><strong>nitenti</strong></span> <span class='ocrx_word' id='word_1_261' title='bbox 906 3777 1019 3856; x_wconf 84' lang='lat' dir='ltr'><strong>porrigit</strong></span> <span class='ocrx_word' id='word_1_262' title='bbox 1038 3778 1185 3847; x_wconf 81' lang='lat' dir='ltr'><strong>dexteram,</strong></span> 
     </span>
     <span class='ocr_line' id='line_1_37' title="bbox 97 3841 1200 3963; baseline 0.008 -70"><span class='ocrx_word' id='word_1_263' title='bbox 97 3841 223 3914; x_wconf 85' lang='lat' dir='ltr'><strong>‚‚gratia‚</strong></span> <span class='ocrx_word' id='word_1_264' title='bbox 247 3845 319 3911; x_wconf 83' lang='lat' dir='ltr'><strong>qnod</strong></span> <span class='ocrx_word' id='word_1_265' title='bbox 336 3854 428 3898; x_wconf 89' lang='lat' dir='ltr'><strong>nostra</strong></span> <span class='ocrx_word' id='word_1_266' title='bbox 444 3861 500 3899; x_wconf 88' lang='lat' dir='ltr'><strong>noa</strong></span> <span class='ocrx_word' id='word_1_267' title='bbox 520 3847 619 3898; x_wconf 74' lang='lat' dir='ltr'><strong>suflicit</strong></span> <span class='ocrx_word' id='word_1_268' title='bbox 669 3846 764 3926; x_wconf 87' lang='lat' dir='ltr'><strong>„onius</strong></span> <span class='ocrx_word' id='word_1_269' title='bbox 785 3861 896 3942; x_wconf 85' lang='lat' dir='ltr'><strong>arguere</strong></span> <span class='ocrx_word' id='word_1_270' title='bbox 915 3861 971 3904; x_wconf 86' lang='lat' dir='ltr'><strong>nun</strong></span> <span class='ocrx_word' id='word_1_271' title='bbox 991 3859 1080 3918; x_wconf 84' lang='lat' dir='ltr'><strong>potest</strong></span> <span class='ocrx_word' id='word_1_272' title='bbox 1099 3850 1200 3963; x_wconf 81' lang='lat' dir='ltr'><strong>negti</strong></span> 
     </span>
     <span class='ocr_line' id='line_1_38' title="bbox 97 3913 933 3986; baseline 0.006 -21"><span class='ocrx_word' id='word_1_273' title='bbox 97 3929 226 3982; x_wconf 83' lang='lat' dir='ltr'><strong>„opera,</strong></span> <span class='ocrx_word' id='word_1_274' title='bbox 251 3921 279 3966; x_wconf 90' lang='lat' dir='ltr'><strong>et</strong></span> <span class='ocrx_word' id='word_1_275' title='bbox 294 3917 421 3970; x_wconf 85' lang='lat' dir='ltr'><strong>volentes</strong></span> <span class='ocrx_word' id='word_1_276' title='bbox 440 3914 568 3982; x_wconf 76' lang='lat' dir='ltr'><strong>edurat,</strong></span> <span class='ocrx_word' id='word_1_277' title='bbox 588 3923 620 3970; x_wconf 84' lang='lat' dir='ltr'><strong>at</strong></span> <span class='ocrx_word' id='word_1_278' title='bbox 666 3913 933 3986; x_wconf 54' lang='lat' dir='ltr'><strong>,‚gentten1.·‘z·*</strong></span> 
     </span>
    </p>
   </div>
   <div class='ocr_carea' id='block_1_4' title="bbox 852 3997 959 4062">
    <p class='ocr_par' dir='ltr' id='par_1_4' title="bbox 852 3997 959 4062">
     <span class='ocr_line' id='line_1_39' title="bbox 852 3997 959 4062; baseline 0 -36"><span class='ocrx_word' id='word_1_279' title='bbox 852 3997 875 4062; x_wconf 79' lang='lat'>4</span> <span class='ocrx_word' id='word_1_280' title='bbox 958 4021 959 4026; x_wconf 10' lang='lat' dir='ltr'><strong>a</strong></span> 
     </span>
    </p>
   </div>
   <div class='ocr_carea' id='block_1_5' title="bbox 0 0 1400 4486">
    <p class='ocr_par' dir='ltr' id='par_1_5' title="bbox 0 0 1400 4486">
     <span class='ocr_line' id='line_1_40' title="bbox 0 0 1400 4486; baseline 0 0"><span class='ocrx_word' id='word_1_281' title='bbox 0 0 1400 4486; x_wconf 95' lang='lat' dir='ltr'><strong> </strong></span> 
     </span>
    </p>
   </div>
  </div>
 </body>
</html>
