2774 4486
687 145 691 155 ,

508 159 829 236 ..nn-.-

122 339 165 403 de
176 336 408 426 philosophiae
423 338 670 426 theologiaeque
684 337 917 404 coniunctione
930 334 1092 414 habuerit,
1112 357 1212 422 quam

123 439 196 507 fieri
207 441 313 528 possit
326 441 570 508 accuratissime
584 442 810 528 investigetur.

131 577 140 594 s
207 544 262 610 Au
275 542 422 628 primum
441 544 574 628 quidem
593 545 774 610 notandum
789 555 854 620 eat,
878 540 1103 607 Abaelardum
1122 563 1213 604 nun-

124 643 227 729 quam*
251 644 382 710 'diserte
411 646 589 728 indicasse,
625 647 714 712 unde
750 644 956 732 disciplinam
988 643 1209 708 Christianam

124 749 311 814 ‹liscendam
335 747 388 812 vel
407 761 477 832 ‘quo
499 748 582 812 duce
598 749 778 812 docendam
795 757 960 822 censeret,
984 769 1091 832 neque
1107 768 1210 833 pauca

123 848 190 928 itta,
207 850 339 934 quaein
356 848 559 938 praefatione
574 849 803 916 commentarii
821 850 854 915 in
871 849 1041 937 epistolam
1056 851 1095 914 ad
1114 850 1211 912 Rom.

124 951 165 1014 de
178 952 360 1036 scripturae
372 973 483 1017 sacrae
497 967 694 1038 argumento
709 963 742 1016 et
757 953 904 1038 partibus
927 952 1076 1018 consulto
1096 951 1211 1038 dispu-

124 1052 224 1126 tarit,
248 1054 296 1118 rei
311 1054 432 1138 aliquid
451 1054 531 1119 lucis
548 1054 701 1120 alleruut.
739 1055 829 1120 'Eum
852 1067 964 1120 tamen
984 1053 1073 1118 illam
1098 1052 1211 1138 magni

123 1155 254 1236 fecisse,
277 1177 319 1219 ex
340 1156 492 1241 singulis,
514 1177 597 1241 quae
617 1157 757 1224 dlverais
774 1158 807 1221 in
826 1156 904 1222 locis
920 1156 1113 1244 disputavit,
1134 1155 1213 1220 satia

124 1257 336 1331 manifestum
355 1270 410 1322 est.
456 1255 595 1324 Vocavit
611 1283 683 1326 eam
704 1260 942 1347 „spiritualem
965 1258 1091 1323 domini
1115 1281 1213 1322 men-

124 1364 283 1439 ‚9sam‚·in
298 1383 360 1449 qua
379 1373 426 1428 tot
441 1374 546 1426 essent
561 1361 696 1440 fercula,
711 1363 797 1449 quosl
815 1363 987 1426 doctorum
1006 1358 1212 1424 sententiae“

124 1462 222 1548 (1239
234 1466 267 1529 Β.
293 1487 404 1553 expos.
425 1463 531 1550 symb.
546 1478 651 1552 apost.
670 1489 748 1554 opp.
763 1463 839 1548 370)
863 1475 895 1528 et
915 1462 1115 1550 „speculum
1137 1461 1214 1526 ani·

124 1583 231 1644 „maa
247 1568 279 1632 in
295 1590 361 1652 quo
377 1567 512 1652 quilibet
526 1567 664 1652 legendo
674 1567 799 1646 vivens,
816 1563 1213 1654 intelligendoproliciena

125 1689 431 1747 „morumsuorum
449 1669 704 1756 pulcritudinem
721 1681 932 1754 cognosceret
947 1669 1000 1733 vel
1015 1667 1212 1734 deformita-

124 1782 216 1848 „tem
234 1772 522 1858 deprehenderet,“
534 1771 649 1860 (Epist.
661 1796 690 1859 p.
701 1771 783 1854 188).
813 1771 894 1835 Eius
911 1771 1096 1847 lectionem,
1112 1795 1212 1858 quam

124 1887 253 1938 mature
268 1875 328 1939 sint
346 1888 551 1963 persuaserat
574 1875 860 1953 „saluberrimum
883 1873 1028 1938 studium
1045 1899 1129 1955 ease,
1154 1879 1213 1942 ubi

124 1976 236 2053 „salus
250 1976 379 2040 animae
395 1985 672 2062 cognosceretur“
690 1977 777 2062 (hist
794 1979 853 2044 cst.
871 2000 902 2063 p.
917 1979 962 2060 8),
985 1979 1094 2042 multis
1111 2002 1213 2064 argu·

124 2080 242 2143 mentis
257 2091 287 2142 et
301 2081 461 2166 exemplis
472 2081 512 2145 ab
524 2081 732 2168 Hieronymo
749 2080 1078 2169 praeripuerepetitis
1096 2102 1216 2145 mona-

124 2181 245 2244 chabus
282 2180 561 2248 Paracletensibus
598 2185 757 2271 peculiari
795 2181 931 2268 epistola
969 2184 1215 2248 commendavit

123 2283 167 2371 (p.
183 2283 244 2347 251
257 2321 294 2331 -
305 2285 402 2367 263),
421 2287 455 2350 in
473 2306 611 2371 quarum
629 2310 724 2352 usum
740 2283 837 2350 etiam
855 2295 985 2370 praeter
1000 2283 1063 2347 alia
1078 2286 1214 2371 exposi-

126 2386 249 2450 tionem
267 2409 358 2450 suam
374 2387 409 2450 in
427 2387 638 2454 Hexameron
658 2385 833 2475 (Marteuii
851 2399 882 2451 et
900 2385 984 2450 Dur.
1000 2385 1100 2454 Thes.
1116 2389 1157 2454 Τ.
1167 2389 1213 2453 V.

126 2487 410 2575 pomus-1416)
434 2487 558 2575 pariter
577 2502 674 2574 atque
694 2492 938 2578 problematum
955 2493 995 2556 cle
1010 2489 1213 2558 difficillimis

123 2591 307 2675 scripturae
331 2591 410 2654 locis
433 2593 681 2679 propositorum
704 2593 885 2658 solutiones
906 2597 999 2683 (opp.
1016 2593 1214 2678 384-447)

125 2693 327 2780 conscripsit.
372 2691 483 2780 Ipsum
507 2697 604 2760 etiam
628 2694 662 2758 in
686 2697 742 2759 illa
765 2697 926 2762 versanda
950 2698 1094 2762 multum
1115 2709 1214 2783 atque

126 2789 183 2860 diu
206 2807 399 2883 occupatum
421 2797 536 2879 luisse,
566 2797 687 2882 scripta
711 2798 788 2863 satis
810 2800 945 2866 docente
968 2823 1045 2867 uam
1068 2801 1215 2888 plurima

126 2923 261 2978 eorum,
291 2921 375 2986 quae
401 2901 589 2990 proposuit,
613 2901 869 2988 prophetarum,
898 2902 1021 2968 Christi
1043 2902 1213 2990 apostolo-

124 3023 266 3089 rumque
280 3003 385 3082 effatis
400 3026 437 3068 ac
454 3006 636 3093 praeceptis
654 3006 783 3070 munita
804 3016 889 3070 sunt·
934 3003 1106 3070 Interdum
1129 3005 1214 3068 adeo

125 3104 273 3195 singulae
283 3109 467 3173 ¹sententiae
480 3108 707 3188 inveniuntur,
722 3131 804 3194 quae
819 3109 974 3172 lectorem
990 3107 1215 3185 eoadducam,

126 3205 319 3274 utl'etrum
346 3210 379 3275 in
407 3210 498 3274 libris
520 3211 622 3275 sacris
645 3234 810 3276 summam
834 3207 974 3276 docendi
991 3208 1236 3294 credendique·

125 3311 233 3396 legem
249 3309 438 3397 fontemque
454 3313 588 3378 unicum
605 3313 814 3398 requisivisse
825 3312 998 3377 existimet.
1043 3311 1120 3376 Huc
1136 3332 1217 3396 per·
1241 3310 1244 3318 ⁴

126 3415 225 3488 tinet,
252 3413 343 3497 quest
368 3413 729 3500 perlectam-evangelii
751 3414 936 3480 doctrinam
962 3415 1115 3480 traditam
1140 3435 1214 3476 esse

126 3513 427 3610 dixi'ts',u,quant'nni
442 3515 482 3598 ad
499 3539 598 3594 verae
611 3519 752 3588 iustitiae
767 3517 909 3598 lormam
926 3518 1009 3582 etad
1025 3516 1214 3582 animarum
1241 3585 1248 3602 y,

124 3605 262 3690 sunem
281 3617 485 3700 sufficeret‘i
495 3617 541 3707 (p.
557 3620 634 3703 492)
645 3643 665 3698 3.
683 3642 821 3706 eamque
842 3621 1090 3705 evangeliorum
1105 3619 1236 3682 inten-.

125 3721 252 3806 tionem
273 3745 342 3802 esse
365 3723 494 3806 statuit,
510 3727 561 3796 'ut
581 3743 636 3803 ea,
666 3745 749 3807 quae
774 3732 880 3788 essent
906 3722 1001 3787 saluti
1023 3721 1217 3796 necessaria,

127 3810 189 3892 nos
202 3813 357 3897 siccarent
371 3829 416 3914 (p.
430 3825 530 3909 493).’
560 3825 693 3890 Deinde
711 3837 826 3890 contra
847 3848 921 3904 eoa,
942 3825 998 3910 qui
1014 3823 1216 3910 scripturam

127 3928 236 4010 minua
249 3930 360 3998 stricte
371 3927 464 4016 sequi
478 3929 683 4005 viderentur,
698 3927 900 3996 acerrimum
913 3926 1121 4014 singulorum
1132 3918 1217 3990 adeo
