2806 4492
1086 253 1187 344 xvn

178 453 230 536 de
253 455 353 557 lide,
373 454 568 556 absolvit,
595 452 667 535 sed
682 452 816 534 media
838 453 881 533 in
895 477 968 554 re,
989 454 1032 532 in
1050 449 1185 563 dispu-

174 603 327 684 tatione
359 603 409 682 de
442 601 646 683 attributis
673 601 750 681 Dei
781 592 995 701 inchoata,
1041 599 1181 682 thema
1299 685 1302 694 ,

173 717 338 829 uberius
378 747 638 830 tractandum
678 746 964 864 imperfectum
1000 733 1179 860 reliquit.

173 893 429 976 Abaelardus
462 921 611 1003 nempe
639 892 681 971 in
706 893 1019 974 introductionis
1049 895 1098 974 L.
1118 895 1181 975 ΠΙ.

174 1067 210 1120 c.
243 1060 264 1126 3
301 1043 375 1121 ait:
419 1038 571 1149 sejam
598 1039 647 1120 de
679 1040 812 1121 tribus
851 1035 975 1122 divini
1005 1040 1195 1122 numinis

173 1182 405 1287 attributis,
449 1187 500 1268 de
526 1187 709 1296 potentia
746 1187 944 1296 sapientia
983 1186 1181 1288 bonitate,

174 1336 402 1421 accuratius
433 1359 642 1443 exponere
666 1333 785 1415 velle.
845 1332 1008 1414 Initium
1029 1334 1181 1442 capita

173 1480 373 1588 potentia3
398 1480 449 1558 ab
471 1479 550 1559 hac
572 1478 625 1559 ad
648 1477 890 1587 sapientiam
929 1478 1077 1561 transit
1110 1479 1182 1560 sed

174 1622 308 1704 media
335 1624 379 1704 in
413 1617 677 1734 expositione
699 1625 749 1704 de
780 1624 861 1704 hoc
896 1623 1034 1707 divino
1069 1626 1181 1706 attri-
1292 1612 1296 1616 ’

174 1770 296 1875 buto,
332 1773 460 1854 immo
493 1773 541 1852 in·
571 1772 703 1854 media
739 1772 910 1882 periodo
942 1800 1034 1854 rem
1063 1799 1180 1856 suam

174 1917 341 1998 missam
369 1918 485 2021 facit3
518 1919 569 2000 de
592 1919 773 2000 bonitate
796 1945 898 1999 vero
928 1945 979 1998 ne
1003 1920 1179 2000 verbum

175 2062 338 2171 quidem
361 2062 527 2172 legitur.
587 2064 650 2144 Ita
671 2090 831 2175 quoque
859 2064 909 2145 de
933 2064 1112 2146 secunda
1133 2090 1181 2146 ao

173 2207 295 2290 tertia
332 2224 450 2317 parta
489 2207 756 2317 (decoritate
789 2209 942 2292 scilicet
971 2237 1021 2292 ao
1049 2234 1181 2293 sacra·

174 2353 341 2462 mentis)
380 2353 629 2437 introductio
665 2351 766 2439 nihil
800 2356 974 2467 amplius
1003 2355 1174 2468 profert.

46 2558 49 2562 ι
174 2501 331 2582 Noster
344 2498 428 2609 jam
446 2500 626 2605 libellus,
654 2502 997 2614 quemadmodum
1026 2502 1179 2584 dictum

173 2660 248 2748 est,
263 2674 392 2758 usque
409 2646 463 2728 ad
481 2647 703 2730 articulum.
721 2649 771 2728 de
793 2648 990 2760 sapientia
1006 2675 1178 2758 prorsus

171 2791 282 2873 idem
327 2810 616 2906 argumentum
662 2796 828 2880 exhibet
882 2813 1004 2910 atque
1050 2798 1179 2878 Intro·

173 2938 309 3022 ductio
337 2938 390 3020 ¹³).
452 2940 534 3024 Ubi
556 2959 693 3024 autem
717 2943 967 3026 Introductio
990 2945 1033 3026 in
1055 2956 1179 3025 mate·

175 3177 382 3195 m

172 3319 227 3394 13)
256 3303 419 3380 Sanstlius
457 3335 588 3401 quoqne
626 3337 671 3381 ex
712 3337 875 3382 consensu
917 3318 1101 3404 argumenti
1142 3319 1177 3382 in

213 3479 217 3490 s
255 3439 397 3492 tractatu
420 3440 533 3495 nostro
562 3429 722 3513 propositi
751 3449 825 3494 cum
855 3441 1047 3515 argumento
1068 3429 1177 3495 lntro·

134 3587 135 3591 ,
256 3540 419 3605 ductionis
440 3563 508 3606 non
538 3541 687 3608 νοθειαν
715 3540 793 3605 libri
822 3544 927 3606 nostri
958 3543 1018 3606 sed
1049 3541 1177 3608 odiar·

253 3649 334 3716 τίαν
356 3654 464 3735 potina
489 3652 712 3742 colligendam
735 3674 810 3718 esse
834 3666 940 3738 putat.
989 3654 1047 3720 Ait
1071 3633 1176 3722 anim:

255 3785 363 3848 neque
393 3765 479 3832 liber
510 3769 575 3832 ina
596 3766 786 3832 Abaalerdo
816 3765 1031 3854 abnegandus
1060 3780 1112 3834 eat
1136 3789 1170 3834 er

252 3875 294 3954 de
316 3877 428 3959 causa,
451 3879 538 3967 qnod
559 3901 715 3968 magnam
729 3890 856 3963 partam
880 3902 923 3948 ex
945 3881 1096 3966 ejusdem
1116 3880 1172 3945 ln·

254 3990 461 4058 traductione
494 3995 528 4060 in
560 3991 685 4060 Tbaol.
710 4004 884 4077 excerptus
916 3995 973 4124 ait.
1018 3993 1056 4059 ld
1088 3995 1175 4059 anim
1303 4081 1307 4084 -
