2740 4486
241 261 295 337 32

242 431 351 514 Deum
372 429 643 520 glorificaverunt
670 441 727 496 aut
748 431 873 518 gratias
895 444 1054 520 egerunt,
1085 435 1146 523 sed
1168 455 1246 500 era·

241 559 384 613 nuerunt
402 549 438 612 in
464 542 719 632 cogitationibus
749 547 818 611 suis
847 558 881 610 et
904 559 1048 614 caetera.
1092 545 1188 612 Unde
1212 559 1246 611 ct

142 683 144 693 ·
235 657 446 724 Claudianus
474 653 702 736 Praefectorio
730 657 872 723 Patricio
910 661 951 724 de
992 672 1080 724 statu
1114 656 1243 725 animae

241 774 401 854 scribens,
424 771 476 867 his
488 774 635 838 meminit
657 770 786 838 verbis:
810 786 843 836 et
866 774 953 858 quod
976 773 1162 847 mortalium
1185 795 1243 858 ge·

241 891 314 952 neri
336 888 446 953 datum
469 900 539 968 est,
571 900 607 952 ut
631 886 785 952 abstrusa
806 887 925 952 fortius
948 901 1105 970 quaerat,
1129 900 1164 951 nt
1185 909 1245 951 ne·

240 1018 319 1089 gata
347 1005 453 1088 magis
485 1002 625 1081 ambiat,
642 1015 695 1086 ¹ut
730 986 855 1067 tardius
877 1003 996 1085 adapta
1017 1001 1090 1084 plus
1113 1001 1241 1088 diligat,

242 1141 282 1183 eo
305 1118 497 1205 flagrantius
521 1115 790 1180 animadvertitur
809 1116 943 1196 veritas,
966 1136 1030 1198 quo
1044 1117 1164 1180 diutius
1187 1114 1244 1178 de-

241 1231 403 1315 sideratur
423 1226 477 1293 vel
509 1227 710 1293 laboriosius
732 1229 900 1312 quaeritur
923 1227 979 1292 vel
1002 1227 1126 1292 tardius
1149 1230 1242 1290 inve-

242 1345 339 1408 nitur.
369 1341 457 1407 Hinc
479 1341 603 1406 lactum
627 1355 690 1420 est,
712 1355 748 1407 ut
769 1340 957 1424 philosophi
980 1362 1108 1424 quoque
1131 1338 1243 1405 excel·

237 1455 382 1522 lentibus
413 1458 555 1541 ingeniis
584 1454 676 1540 longi
704 1454 827 1520 saeculi
859 1455 900 1518 de
921 1457 1059 1520 veritate
1083 1473 1242 1539 quaereu-

211 1623 215 1634 .
241 1581 314 1649 tes,
348 1567 493 1651 abusque
513 1566 705 1652 Pythagora
734 1565 853 1631 Italico
887 1566 941 1632 vel
973 1567 1088 1632 lonico
1120 1564 1260 1632 Talcte'

239 1703 368 1764 semper
390 1681 591 1757 exstiterint,
614 1682 669 1761 qui
692 1678 928 1744 dissidentibus
939 1679 1015 1745 aliis
1030 1681 1085 1745 vel
1101 1683 1134 1755 in
1148 1692 1241 1763 parta
1258 1740 1262 1750 ,

240 1797 348 1878 operis
371 1779 496 1876 alilpuid
517 1792 651 1877 dignum
674 1804 766 1856 tanta
787 1792 907 1878 indage
923 1806 1109 1859 senserunt.
1142 1793 1240 1859 Unde

129 1898 133 1908 '
176 1955 181 1974 .
238 1911 338 1974 etiam
361 1907 476 1972 doctor
499 1908 644 1991 gentium
667 1925 733 1970 nou
755 1917 821 1969 tam
843 1906 978 1989 ignaros
1001 1909 1071 1969 veri
1092 1906 1239 1988 philoso-

236 2006 319 2105 phos
346 2000 450 2102 'quam
484 2018 608 2103 cogniti
644 2026 864 2080 contemtores
899 2029 1033 2083 accusat
1069 2020 1260 2102 inquienst‘

154 2119 192 2180 ἰ
233 2132 416 2205 invisibilia
431 2128 498 2194 Dei
521 2143 706 2195 acreatura
726 2131 838 2195 mundi
860 2153 918 2213 per
940 2107 981 2196 da
994 2153 1077 2214 quaa
1100 2132 1124 2195 f.
1148 2141 1236 2211 sunt,
1287 2111 1289 2115 ¹

230 2233 407 2312 intellecta
439 2221 681 2326 conspiciuntur
709 2256 744 2308 et
772 2256 915 2309 caetera.
959 2243 1049 2308 Hinc
1077 2247 1175 2310 etiam
1195 2221 1237 2311 il·

234 2356 294 2423 lud
321 2357 498 2442 Augustini
528 2356 569 2437 de
599 2357 732 2420 civitate
755 2355 821 2420 Dei
853 2358 889 2420 in
910 2355 997 2422 libro
1020 2354 1114 2422 vtlt.
1138 2357 1236 2421 homo

236 2468 444 2534 Chiistianus
487 2464 595 2530 literis
637 2478 762 2532 tantum
810 2467 1047 2532 ecclesiasticis
1090 2469 1237 2533 cruditus

235 2593 331 2646 cavet
343 2597 414 2656 eos,
423 2579 476 2662 qui
489 2578 667 2642 secuudum
679 2561 843 2644 elementa
855 2577 953 2665 hujus
965 2581 1075 2645 mnndi
1089 2579 1236 2664 philoso·
1274 2620 1278 2625 ν

233 2693 385 2778 phantur.
444 2687 649 2754 Admonetur
685 2692 785 2757 etiam
824 2693 1008 2773 apostolico
1041 2707 1234 2777 praeceptos
1302 2672 1305 2676 ’

235 2805 379 2882 Cavete,
411 2824 452 2866 ne
485 2803 557 2885 quis
588 2823 648 2866 ros
677 2804 814 2867 seducat
840 2826 900 2886 per
929 2804 1173 2888 philosophiam
1202 2819 1236 2871 ct

232 2921 364 2992 inanem
386 2917 612 3006 seductionem
627 2918 804 2983 secundum
826 2918 992 2984 elementa
1012 2921 1134 2985 mundi.
1165 2922 1235 2988 De-

116 3119 118 3124 ·
198 3053 319 3097 «mum
339 3052 380 3094 na
402 3050 516 3093 omnes
540 3028 625 3094 tales
648 3031 922 3110 esscarbitretur,
945 3032 1037 3097 audit
1060 3033 1235 3108 abeodem

232 3141 385 3226 apostolo
408 3141 449 3205 de
474 3141 688 3226 quibusdam,
719 3145 796 3227 quia
826 3143 912 3228 quod
941 3154 1053 3210 notum
1083 3158 1135 3210 est
1155 3144 1233 3227 Dei,

231 3255 441 3321 manifestum
464 3268 515 3320 est
535 3259 570 3320 in
591 3256 661 3320 illis
684 3269 718 3320 ot
739 3233 880 3326 caetera.
925 3258 968 3321 Et
985 3256 1040 3321 ubi
1052 3258 1234 3326 Athenien·

230 3368 322 3434 sibus
343 3367 495 3452 loquens,
520 3391 591 3433 oum
613 3391 682 3434 rem
703 3365 856 3457 magn‘am
879 3370 920 3435 de
939 3370 1014 3436 Deo
1037 3373 1178 3438 dixisset
1200 3383 1233 3438 et

233 3453 318 3564 qbae
340 3500 360 3543 a
381 3481 492 3562 paucis
515 3494 628 3563 posset
649 3482 805 3568 intelligi,
832 3482 919 3568 quod
940 3485 974 3554 in
996 3482 1056 3548 illo
1079 3487 1232 3565 vivimus,

231 3612 400 3656 movemur
421 3603 455 3656 et
464 3612 589 3671 sumus,
612 3594 733 3677 adjecit
744 3597 861 3662 etiam:
885 3597 971 3662 sicut
985 3597 1115 3683 quidam
1130 3598 1232 3662 vestri
1281 3573 1284 3576 ⁵

232 3702 397 3768 dixerunt.
448 3703 540 3770 Idam
566 3708 601 3771 in
638 3705 727 3788 libro
761 3708 801 3774 de
830 3711 946 3791 spiritu
983 3722 1018 3774 ct
1050 3709 1119 3775 liu:
1142 3712 1233 3776 nita

232 3817 377 3897 sapiens,
399 3836 482 3900 quae
504 3817 585 3882 lecit
607 3821 772 3900 mundum,
796 3821 1016 3907 contemplato
1038 3819 1159 3888 mundo
1180 3825 1231 3888 iu·

232 3925 404 4016 colligitur·
446 3927 621 4020 Interroga
635 3934 801 4014 mundum,
825 3946 975 4002 ornatum
990 3933 1089 4017 coeli,
1112 3949 1232 4004 terram
