2806 4492
431 1219 434 1226 '
540 1206 648 1290 Caput
672 1205 700 1272 l.

115 1342 198 1410 Quod
215 1349 330 1398 nostrae
346 1341 447 1396 salotis
465 1357 575 1396 summa
591 1342 647 1396 sint
658 1341 739 1409 fider,
758 1301 881 1398 charitas
893 1349 1119 1412 etoeoremento,

67 1517 70 1526 ,
187 1447 217 1496 et
234 1441 301 1512 quid
317 1445 373 1498 sint
390 1442 460 1500 haec
478 1445 598 1516 singula.

116 1607 210 1702 Tria
231 1648 326 1715 sunt,
354 1649 390 1700 nt
417 1634 577 1714 arbitror,
611 1636 645 1699 in
674 1635 791 1718 quibus
814 1635 977 1702 humanae
1000 1639 1120 1705 salutis

116 1772 243 1822 somma
269 1749 432 1812 consistit.
477 1745 612 1812 Scilicet
634 1747 738 1828 fides,
777 1748 921 1814 charitas
956 1759 989 1813 et
1010 1771 1122 1814 sacra·

116 1875 239 1928 menta.
284 1861 382 1944 Spem
413 1874 522 1925 autem
549 1862 583 1924 in
615 1860 699 1940 fide,
734 1874 889 1946 tanquam
921 1864 1064 1944 spcciem
1088 1863 1123 1926 in
1206 1860 1208 1869 '

117 1995 258 2060 genere,
300 1972 531 2055 comprehendi
564 1973 731 2036 existimo.
790 1972 851 2036 Est
883 1973 1001 2055 quippe
1038 1972 1123 2039 fides

118 2086 319 2151 existimatio
342 2105 450 2147 rernm
479 2103 545 2145 non
575 2084 818 2165 apparentium,
850 2082 913 2147 hoc
942 2094 995 2148 est
1016 2086 1123 2150 sensi-

117 2196 178 2262 bus
202 2198 348 2279 corporis
378 2216 443 2258 non
472 2193 723 2278 subjacentium.
768 2192 851 2275 Spes
873 2213 954 2258 vero
978 2209 1028 2261 est
1051 2184 1124 2262 erri-

118 2310 262 2373 rtimatio
285 2307 425 2393 alicujus
451 2307 611 2390 commodi
634 2307 851 2390 adipiscendi,
879 2309 1008 2390 qnando
1032 2310 1124 2386 scili-

119 2435 171 2485 cet
203 2423 276 2505 quis
310 2421 414 2485 credit
442 2443 480 2486 se
516 2419 640 2505 aliquid
668 2420 748 2485 honi
778 2432 1004 2487 assecuturum
1034 2444 1123 2496 esse.
1229 2446 1233 2453 ·

117 2533 179 2598 Est
200 2535 300 2620 igitur
328 2533 412 2598 fidas
443 2544 510 2598 tam
531 2531 691 2598 bonarum
715 2554 811 2616 quam
832 2531 993 2600 malarum
1014 2557 1124 2602 rerum

118 2663 242 2718 ettam
275 2651 316 2714 de
347 2649 577 2734 praesentibus
600 2671 696 2733 quam
719 2649 760 2714 de
780 2650 969 2732 praeteritis
994 2647 1049 2712 vel
1071 2648 1123 2714 fu·

116 2765 220 2844 turis,
263 2746 413 2830 sicut'in
447 2759 607 2845 principio
640 2762 813 2828 enchiridii
843 2763 960 2828 beatur
991 2759 1125 2828 disserit

81 2924 87 2942 .
116 2876 332 2964 Augustinus.
377 2875 460 2958 S'pes
483 2887 592 2940 autem
615 2886 741 2941 tantum
763 2875 805 2939 'dc
828 2874 923 2940 honis
948 2885 1002 2939 est
1024 2886 1058 2939 et
1081 2876 1122 2940 de

118 2988 249 3054 futuris.
307 2988 523 3073 Exspectatio
557 2989 720 3073 siquidem
753 2988 895 3073 alicujus
925 2989 1123 3055 incommodi

117 3123 183 3166 non
206 3115 272 3166 tam
294 3122 371 3185 spes
394 3101 532 3166 dicenda
555 3114 606 3166 est
636 3123 734 3186 quam
764 3101 972 3185 desperatio,
1005 3101 1039 3166 id
1072 3113 1123 3166 est

118 3213 303 3280 diffidentia
326 3237 346 3278 a
367 3213 467 3279 bono.
515 3201 646 3279 Caritas
669 3226 720 3290 est
742 3235 835 3279 amor
855 3213 1036 3293 honestus,
1067 3214 1124 3300 qui

118 3329 159 3392 ad
181 3327 244 3394 hoo
266 3327 395 3392 scilicet
415 3327 576 3408 refertur,
599 3328 640 3392 ad
663 3327 751 3412 quod
774 3325 884 3407 debet,
905 3338 943 3391 ιιι
965 3328 995 3392 ai
1014 3325 1125 3392 Deum

116 3441 222 3524 ipsum
245 3454 376 3524 propter
391 3463 445 3530 'se'
458 3453 492 3505 et
513 3418 983 3526 proximhmoropterdheum
1005 3437 1124 3524 diliga-

117 3573 201 3618 mus.
264 3537 357 3620 Nihil
399 3535 526 3639 qnippe¹
556 3529 831 3631 amnndun'es'r,
869 3525 955 3616 nihil
989 3549 1123 3616 omnino

117 3662 324 3744 faciendum,
361 3668 426 3731 nisi
456 3678 590 3750 propter
612 3664 741 3747 Deum,
777 3676 814 3730 ιιι
845 3666 880 3730 in
902 3662 986 3729 'Deo
1023 3662 1125 3730 finem

119 3779 263 3843 omnium
285 3774 538 3844 constituamus.¹
568 3775 664 3844 Unde
684 3782 803 3862 ipseA
823 3788 858 3842 et
879 3767 915 3842 Ω
938 3758 1125 3859 ᾱίοἰιιιι,’ἱὰ

118 3901 170 3953 ert
196 3891 389 3977 principium
421 3902 456 3957 et
488 3891 578 3958 finio.
599 3892 819 3975 ,Principium
854 3889 985 3976 quidem
1010 3911 1125 3976 rupre-

895 4009 913 4068 1
