2798 4486
1094 121 1152 247 ‘ao

144 358 333 432 poenarum
348 332 636 420 circumcisionem,
655 335 836 433 secundum
851 361 931 433 quaa
947 341 1056 410 tamen
1073 367 1149 435 pec·

29 509 32 518 ,
147 465 226 520 cata
253 445 346 518 vobis
376 445 556 516 condonari
581 445 744 526 dicuntur.
786 446 857 519 Lex
884 447 1003 545 quippe
1032 468 1149 536 vestra,

148 585 236 656 quae
265 570 389 626 tantum
419 557 454 626 in
481 557 545 626 hac
569 557 635 628 rita
663 557 713 628 vel
741 559 941 656 impletionis
967 561 1018 631 vel
1046 579 1148 632 trans·

147 669 329 766 gressionis
366 693 445 740 suae
473 668 629 764 persolvit
656 670 771 742 merita
799 688 831 742 et
858 671 911 743 hic
941 675 1149 769 solummodo
1185 675 1189 683 ⁴

146 784 183 854 in
214 799 353 878 utroque
381 781 676 866 remunerationem
705 782 820 866 habet,
848 781 894 854 sic
925 784 967 852 ad
997 785 1081 856 hanc
1105 787 1150 856 vi·

146 911 217 966 tam
240 891 444 990 corporalem
466 893 694 964 accommodat
717 899 850 976 cuncta,
875 909 911 963 ut
933 894 1012 965 nihil
1035 922 1148 967 secun·

147 1007 226 1078 dnm
250 1006 407 1090 animam,
437 1005 595 1090 mundum
617 1006 667 1076 vel
689 989 891 1075 immundum
915 1025 1063 1094 censeat,
1089 1035 1150 1078 nec

145 1118 389 1216 purificationes
405 1117 530 1214 aliquas
551 1117 593 1186 ad
607 1106 844 1195 immunditiam
859 1118 1048 1202 animarum,
1066 1147 1148 1216 quas
1246 1145 1250 1160 ·

98 1285 99 1290 1
144 1228 280 1326 proprie
297 1245 434 1324 peccata
451 1224 668 1312 nominamus,
690 1228 762 1325 ipsa
778 1228 906 1300 reserat.
945 1229 1043 1301 Unde
1060 1248 1092 1301 et
1106 1231 1147 1300 si·

145 1341 266 1412 militer
288 1341 379 1412 cibos
402 1342 543 1418 mundos
566 1339 617 1420 ,vel
640 1340 816 1412 inmundos
838 1342 994 1423 nominat,
1017 1343 1101 1413 sieut
1117 1359 1149 1414 et

145 1451 316 1539 homines,
345 1453 466 1540 lectos,
495 1455 607 1538 sedes,
633 1468 789 1525 ettotam
811 1453 1065 1550 suppellectilem
1089 1455 1146 1526 do·

29 1633 35 1648 ,
145 1591 219 1650 mus
243 1589 304 1636 seu
326 1564 424 1637 etiam
446 1581 553 1636 vestes
577 1584 609 1637 et
629 1565 783 1663 pleraque
807 1567 871 1635 alia
888 1564 1065 1639 inanimata
1088 1566 1146 1636 im-

145 1677 270 1748 munda
300 1702 360 1747 sen
388 1677 514 1773 polluta
546 1677 732 1776 frequenter
766 1677 918 1773 appellat.
985 1675 1087 1768 Quod
1119 1676 1147 1748 si

143 1789 376 1878 immunditias
392 1789 577 1876 hominum,
601 1814 734 1886 quarum
756 1790 998 1885 purificationes
1021 1789 1147 1869 institu-

144 1917 202 1990 tae
230 1917 318 1986 suut,
347 1901 416 1986 his,
446 1901 500 1997 qui
519 1901 733 1998 ,inquinantur
753 1900 897 1996 peccatis
922 1897 1166 1986 connumeres,

99 2029 101 2032 ’
144 2012 301 2109 numquid
328 2011 492 2102 feminam
509 2028 586 2107 post
607 2028 735 2106 partum
758 2037 817 2106 per
838 2011 1029 2082 sacrificium
1052 2037 1145 2080 mun·

145 2125 256 2195 datam
285 2151 323 2194 ex
351 2124 416 2196 hoc
445 2124 535 2219 ipso,
564 2123 651 2219 quod
676 2121 817 2219 peperit,
845 2139 1016 2216 peccatum
1038 2123 1146 2192 incur·

143 2238 226 2309 risse
247 2236 385 2330 judicas,
407 2263 481 2305 cum
504 2235 592 2306 illam
613 2235 722 2331 potius
747 2233 952 2304 maledictam
973 2234 1144 2318 censeatis,

144 2374 228 2446 quae
258 2374 325 2417 nou
354 2348 518 2448 reliquerit
546 2373 660 2418 semen
689 2347 722 2416 io
746 2346 869 2416 lsrael?
916 2343 1006 2436 Quid
1035 2346 1144 2431 etiam,
1183 2373 1185 2382 ‘

142 2477 240 2555 peto,
270 2461 332 2545 vir,
356 2460 410 2554 qui
427 2459 550 2554 ,patitur
571 2461 691 2530 fluxum
713 2459 846 2532 seminis
870 2485 907 2528 ex
931 2459 994 2528 hoc
1016 2458 1143 2527 eontra·

143 2573 212 2642 hit?
259 2569 369 2662 Quem
399 2587 509 2641 tamen
538 2571 622 2641 adeo
651 2569 925 2648 abhominabilem
950 2584 1062 2639 censet
1083 2568 1143 2654 lex,

141 2699 180 2755 ut
200 2683 304 2754 lectus
326 2685 360 2754 in
384 2709 448 2781 quo
474 2683 638 2754 dormierit
659 2682 835 2754 inmundus
854 2682 896 2751 sit
911 2697 943 2750 et
958 2679 1143 2776 ubicunque

142 2796 272 2868 sederit.
300 2795 372 2866 Vas
397 2797 494 2867 etiam
516 2795 619 2878 fictile,
644 2795 732 2892 qood
756 2793 936 2887 contigerit,
959 2791 1142 2885 confringe·

142 2925 210 2992 tur,
239 2907 382 3000 ligneum
408 2934 485 2978 vero
508 2905 641 2976 lavetur.
686 2907 722 2975 si
745 2909 817 3002 quis
840 2906 1008 2977 hominnm
1032 2904 1142 3006 tetige-

142 3019 182 3088 rit
205 3019 323 3088 lectum
343 3023 411 3114 ejus
435 3019 487 3090 vel
502 3017 630 3102 sederit,
652 3017 708 3088 ubi
725 3018 778 3088 ille
797 3017 936 3100 sederat,
954 3015 1074 3085 lavabit
1088 3042 1141 3084 ve-

142 3132 294 3200 stimenta
318 3131 397 3218 (fol.
415 3141 470 3206 18.
492 3129 556 3220 R.)
581 3154 657 3214 sua,
681 3129 804 3226 etipse
828 3130 925 3201 etiam
948 3127 1033 3196 lotus
1056 3151 1142 3224 aqna

141 3238 329 3316 immundus
360 3243 420 3312 erit
447 3268 551 3336 usque
574 3240 617 3311 ad
639 3265 810 3336 vesperam
829 3251 873 3330 ¹).
918 3238 1039 3310 Mulier
1061 3265 1140 3336 quo·

141 3381 205 3452 qne
235 3381 308 3425 cum
330 3354 518 3424 naturaliter
539 3351 741 3426 accidentem
764 3351 1143 3446 menstruorumpatitur
1183 3359 1187 3368 '

140 3466 367 3538 llnxumadeo
390 3467 546 3537 inmunda
570 3482 728 3550 censetur,
751 3457 786 3534 nt
807 3463 839 3532 id
865 3490 993 3562 qnoque
1017 3463 1049 3531 in
1074 3488 1139 3558 qno

142 3578 309 3649 dormierit
335 3577 387 3658 vel
415 3565 534 3648 sederit
551 3576 677 3648 ,iterum
706 3570 883 3672 polluatui,
912 3591 947 3644 ut
970 3599 1029 3643 suo
1052 3591 1140 3644 tactu

143 3690 306 3787 quaelihet
327 3687 451 3786 polluat
473 3691 556 3761 sicut
578 3707 610 3764 et
633 3690 673 3760 de
697 3679 772 3760 viro
788 3687 930 3785 patiente
954 3685 1071 3788 lluxnm
1088 3671 1138 3756 oeL

161 3947 191 4012 t)
210 3939 294 3999 Levis.
312 3939 371 4000 XV.
444 4005 447 4008 ,
553 3892 556 3900 Α
