2798 4486
1090 293 1140 365 35

136 454 257 550 gitimis
276 454 390 525 vestris
410 455 502 526 vobis
524 479 596 525 esse
618 454 814 550 promissam
838 471 981 527 astruere
999 457 1139 546 laboras,

135 567 312 638 vilissimae
334 571 540 662 conjecturae
556 593 629 637 esse
646 582 683 637 ex
700 569 773 663 ipsa
789 567 860 661 loge
876 585 985 663 potest
1000 567 1140 643 ostendi.

136 680 207 750 Per
229 682 291 750 boc
315 680 433 776 quippe
457 678 545 774 quod
569 679 684 749 dicitur
705 676 777 747 cum
795 677 926 751 loedere
942 684 1139 777 sempiterno

138 793 191 864 vel
211 792 244 862 in
263 790 380 862 foedus
400 809 567 862 aeternum
590 818 659 878 eos,
682 792 736 888 qui
760 819 797 862 ex
818 809 992 887 praecepto
1010 794 1063 864 dei
1078 796 1138 865 cir·

73 971 86 980 ,
139 904 365 975 cumcitlentur
387 905 415 973 ei
438 905 471 974 iu
495 921 685 999 perpetuum
708 905 753 973 ita
775 904 960 976 loederatos
978 905 1138 1000 intelligis,

24 1075 28 1082 .
96 1022 100 1029 ’
137 1032 174 1086 ut
198 1041 259 1085 nec
281 1017 315 1086 in
337 1016 445 1085 futuro
469 1017 510 1084 ab
535 1021 602 1110 ejus
627 1017 730 1108 gratia
760 1016 994 1110 disjungantur.
1039 1018 1138 1092 Unde

138 1143 171 1198 et
201 1127 354 1197 lsraelem
382 1153 441 1197 seu
463 1127 553 1198 Esau
582 1126 632 1197 vel
658 1127 831 1222 plerosque
855 1131 1011 1223 reprobos
1034 1131 1138 1201 nulla·

137 1255 234 1309 tenus
261 1240 491 1334 ambigendum
515 1254 660 1309 estesse
683 1239 869 1309 salvandos.
912 1241 1018 1311 Miror
1040 1242 1137 1312 etiam

138 1351 228 1448 quod
259 1377 326 1421 non
356 1353 496 1423 attendis
524 1369 691 1422 aeteruum
720 1351 786 1422 sive
816 1353 1049 1446 sempiternum
1074 1352 1137 1423 fre·

138 1478 277 1557 quenter
303 1463 337 1531 in
367 1463 440 1558 lege
468 1465 514 1533 sic
537 1463 637 1559 accipi
662 1479 697 1532 ut
719 1463 801 1533 vitae
824 1466 1004 1558 praesentis
1027 1491 1137 1561 perse·

137 1572 317 1642 vorantium
344 1600 411 1643 non
436 1575 577 1648 excedat
624 1575 721 1665 Unde
744 1575 840 1644 etiam
862 1574 934 1671 ipso
956 1593 1053 1671 pacto
1077 1577 1137 1647 cir-
1214 1570 1220 1582 ’

22 1703 44 1757 ·,
137 1684 350 1757 cumeisionis
369 1713 442 1756 cum
463 1686 685 1781 praemittitur,
713 1687 865 1784 daboque
887 1687 944 1758 tibi
967 1705 999 1758 et
1021 1690 1137 1761 semini

137 1813 196 1866 tuo
228 1813 346 1868 terram
378 1799 645 1893 peregrinationis
683 1814 758 1869 tuae
796 1817 829 1870 et
857 1825 989 1871 omnem
1018 1818 1136 1873 terram

140 1907 277 1978 Cauaan
312 1909 346 1978 in
381 1911 627 2004 possessiouem
662 1927 843 1994 aeternam,
877 1937 946 1981 non
976 1914 1075 1985 credo
1104 1932 1136 1986 te
1181 1898 1187 1908 .

139 2021 226 2091 adeo
250 2021 402 2106 delirare,
432 2038 466 2091 ut
489 2022 685 2092 aeternitatis
709 2021 868 2093 vocabulo
898 2025 982 2093 vitae
1005 2049 1137 2121 quoque

136 2132 265 2204 loturae
287 2135 518 2204 beatitudinem
541 2133 700 2217 includas,
724 2132 763 2203 de
788 2158 850 2228 qua
869 2132 921 2202 bic
937 2136 1136 2230 superfluum

138 2263 193 2316 est
225 2247 396 2342 quicquam
431 2247 625 2343 praecipere.
678 2245 784 2340 Saepe
814 2246 909 2315 otiam
939 2247 1024 2320 sicut
1050 2250 1137 2320 nosti

137 2359 172 2428 in
202 2358 282 2452 ipsis
312 2358 393 2452 legis
409 2359 573 2454 'operibus
603 2358 741 2458 quaein
765 2358 827 2426 hac
849 2374 974 2428 tantam
997 2362 1062 2432 vita
1085 2389 1137 2433 cs·
1163 2365 1166 2381 '

136 2469 361 2562 lebrabuntur,
387 2469 439 2539 lex
468 2470 643 2564 adjungere
668 2469 745 2560 (lol.
772 2480 820 2544 16.
842 2469 907 2558 R.)
931 2471 1029 2560 solet,
1058 2473 1137 2568 legi·

137 2583 251 2652 omum
276 2583 507 2678 sempiternum
529 2584 588 2652 erit
606 2583 700 2653 nobis
724 2582 758 2650 in
776 2583 900 2652 cunctis
920 2586 1138 2676 generationi·

137 2689 201 2764 bus
231 2711 263 2764 et
286 2685 539 2764 habitationibus
562 2697 686 2768 vestris.
732 2689 788 2762 sic
810 2695 896 2764 enirn
920 2712 955 2764 ut
978 2723 1014 2765 ex
1037 2697 1137 2792 pluri-

76 2809 81 2812 ’
136 2801 201 2878 bu's
233 2806 354 2902 aliquid
383 2805 557 2894 allerainus
587 2805 768 2900 exemplum
801 2808 841 2877 de
870 2806 1064 2878 celebranda
1090 2808 1139 2879 le·

139 2920 280 2993 stivitate
309 2919 590 2989 tabernaculorum
611 2919 743 3010 adjecit
784 2915 868 2986 Cum
893 2920 977 2989 enirn
1001 2919 1138 3014 praemi·

138 3032 252 3102 sisset:
289 3031 486 3126 sumetisque
523 3017 615 3100 vobis
645 3029 697 3099 die
726 3029 831 3124 primo
864 3030 986 3101 fructus
1014 3031 1138 3103 arborio

137 3142 376 3240 pulcherrimae
405 3143 615 3240 spatulasque
644 3141 840 3238 palmarum,
868 3157 899 3210 et
927 3137 1036 3212 ramos
1060 3142 1138 3236 ligni

54 3249 67 3260 ’
138 3257 340 3325 diversarum
369 3254 534 3326 frondium
564 3272 596 3326 et
618 3254 734 3326 salices
757 3255 797 3322 de
820 3269 962 3323 torrente
986 3271 1018 3324 et
1039 3254 1139 3325 laeta·

137 3367 219 3436 mini
242 3367 275 3435 in
300 3368 432 3438 domino
457 3367 519 3438 deo
542 3383 668 3451 vostro,
698 3366 963 3462 celebrabitisque
987 3366 1139 3436 solemni·

136 3491 239 3549 tatem
265 3482 343 3572 ejus,
367 3497 491 3574 septem
515 3480 628 3549 diebos
652 3504 871 3576 perannum
895 3478 1002 3548 statim
1026 3479 1139 3573 adjun-

137 3591 185 3660 xit
208 3590 384 3684 legitimum
408 3592 639 3686 sempiternum
663 3595 721 3662 erit
744 3594 775 3660 in
800 3591 1064 3684 generationibus
1087 3619 1139 3660 ve·

139 3702 215 3774 stris
234 3710 275 3791 ¹).
309 3701 378 3792 Qui
397 3704 493 3790 etiam
513 3704 763 3792 celebrationem
784 3702 910 3772 sabbati
930 3703 1070 3797 septimo
1088 3703 1140 3772 die

139 3816 285 3910 quodam
308 3814 382 3885 loco
404 3817 575 3886 instituens
599 3816 656 3900 ait3
684 3832 815 3910 paetum
840 3831 888 3884 est
911 3815 1141 3910 sempiternum

138 3927 226 3996 inter
261 3953 312 3996 me
349 3944 380 3997 et
412 3927 495 3998 filios
524 3928 622 3999 lsrael
659 3929 850 4023 signumque
873 3905 1075 4022 xperpetuum
1096 3933 1140 4016 ²).

135 4037 341 4052 ————

157 4078 191 4144 1)
211 4073 457 4144 Lev.XXffl,39.
621 4093 624 4101 ·
924 4109 928 4116 ·

56 4179 63 4198 ⁸
133 4163 190 4243 a)
209 4169 292 4230 uxot
310 4167 417 4254 xxxt,
436 4171 482 4229 17.
887 4149 943 4221 3*
