2740 4486
84 487 194 570 iorem
229 482 292 548 bno
327 478 537 547 dilectionem
574 469 670 545 nemo
708 479 829 562 babet,
871 491 909 546 nt
948 482 1092 548 animem

90 619 183 664 suam
206 599 277 681 quis
291 605 402 677 ponat
421 615 481 678 pro
504 595 617 662 amieis
640 595 722 658 suis.
764 596 829 663 Pro
847 593 1076 660 dilectione
1049 615 1096 662 or·

92 710 239 795 quidem,
264 729 360 792 quam
381 729 469 794 erga
484 725 544 770 nos
567 696 704 786 babuit,
732 719 771 770 ut
791 729 851 774 nos
875 729 895 774 a
913 711 997 796 jugo
1019 729 1098 792 peo-

94 825 159 888 cati
181 823 377 901 redimeret,
408 840 541 885 oernem
563 822 728 884 assumsit.
774 821 804 886 A
827 843 891 907 qno
911 826 1014 912 igitur
1034 843 1098 888 noa

94 937 290 1015 redemerit,
322 947 356 999 et
378 933 541 1017 quomodo
561 933 721 998 redemtio
743 932 803 999 ille
825 936 917 1002 lacta
938 938 1001 1016 sit,
1023 933 1099 1000 ‹lili-

95 1063 211 1137 genter
246 1048 473 1133 inquirendnm
504 1065 579 1110 esse
607 1047 694 1111 ratio
721 1048 909 1130 persuadet.
960 1046 1103 1125 Quidam

96 1165 220 1243 dieunt,
248 1161 334 1248 qnod
358 1180 378 1225 a
399 1171 566 1243 potestate
588 1157 714 1224 diaboli
735 1161 875 1226 redemti
897 1182 1021 1242 snmus,
1045 1163 1101 1246 qni

70 1297 73 1302 ·
98 1279 265 1344 bominem
287 1274 480 1354 decipiendo
503 1275 610 1356 ipsum
623 1271 696 1370 sibi
717 1273 877 1358 subjecit,
901 1286 935 1339 et
955 1285 1102 1360 potesta·

98 1388 185 1469 tem,
220 1408 316 1473 qnam
360 1385 436 1452 all„
469 1407 537 1450 non
571 1385 752 1467 habuerat,
785 1391 820 1453 in
854 1409 930 1454 eum
965 1389 1103 1471 recepit.
1184 1452 1189 1469 .

98 1502 264 1584 Ideoque,
286 1512 323 1566 ut
344 1504 473 1580 dicunt,
494 1500 614 1565 missus
637 1512 689 1564 est
710 1499 800 1565 filiim
821 1500 908 1582 Dei,
937 1515 991 1583 ut,
1022 1523 1104 1586 qoo-

100 1618 189 1680 ninm
210 1624 377 1696 potestate
398 1613 564 1679 hominem
587 1615 617 1676 ei
641 1613 771 1679 auferre
799 1626 968 1697 potuerat,
998 1614 1107 1700 magis

98 1730 232 1814 justitia
253 1739 288 1791 et
310 1724 495 1791 hnmilitate
517 1727 552 1790 in
576 1747 650 1792 enm
672 1738 830 1793 uteretur.
874 1718 1035 1813 Alioquin
1055 1731 1108 1806 inq

103 1839 191 1906 serre
213 1844 246 1905 ei
267 1841 422 1924 injuriam
444 1839 630 1920 videretur,
654 1861 727 1905 oum
745 1843 821 1926 jure
842 1839 1030 1921 hominem,
1052 1843 1109 1926 qui

105 1975 143 2020 se
165 1954 217 2019 illi
238 1945 497 2034 mancipaverat,
520 1952 717 2034 possideret.
740 1953 833 2041 'Ego
856 1975 937 2018 vero
960 1965 1111 2020 econtra

1 2053 2 2060 ἵ
107 2066 204 2146 dico,
234 2079 268 2131 et
296 2069 425 2130 r'atione
447 2065 671 2152 irrefragabili
693 2066 814 2148 probo,
847 2067 934 2152 qnod
956 2051 1110 2132 diabolus

104 2180 140 2244 in
179 2169 344 2244 hominem
385 2177 511 2243 nullum
545 2180 603 2262 jus
645 2176 820 2246 habuerit.³
864 2177 980 2266 Neque
1022 2179 1110 2246 enim

106 2294 163 2376 qni
191 2313 266 2358 enm
298 2284 494 2373 decipiendo
528 2312 548 2355 a
574 2289 782 2375 subjectione
811 2293 934 2358 domini
956 2295 1007 2358 sni
1023 2293 1112 2358 *alic-

106 2409 218 2487 navit‚
251 2405 395 2490 aliquam
425 2415 624 2488 potestatem
643 2423 753 2488 vsuper
784 2427 857 2472 enm
888 2406 1002 2472 debuit
1024 2391 1112 2471 nocia-

106 2539 198 2600 pore,
220 2521 328 2601 potins
350 2519 380 2582 si
401 2538 497 2600 qoem
518 2518 607 2599 prins
633 2514 793 2598 habetet,
816 2517 933 2582 debuit
949 2521 1115 2585 amittere.

103 2627 175 2709 Qui
197 2635 284 2696 enim
306 2652 466 2695 concessa
488 2627 720 2695 sibiabutitn‘r
740 2641 927 2714 potestate,
951 2632 1025 2716 ejus
1046 2615 1113 2716 pri·

109 2737 267 2832 vilegium
289 2755 434 2808 meretur
453 2743 604 2825 perdere.
642 2740 735 2808 Siout
757 2747 922 2810 abessent
935 2758 1003 2811 tres
1026 2747 1116 2812 terti

110 2859 251 2944 alicujus
285 2856 428 2935 domini,
463 2875 599 2938 quorum
633 2858 704 2920 nni·
721 2857 987 2944 praerogativam
1006 2847 1117 2940 super

20 3017 25 3024 -
110 2969 196 3038 alios
220 2969 364 3034 dedisset
387 2968 558 3048 dominns,
586 2979 620 3032 et
639 2967 702 3034 llle
722 2991 744 3034 a
765 2969 910 3036 dominio
934 2972 1117 3036 domini'et

111 3085 318 3170 subJ'ectione
340 3079 534 3150 subtrahere
556 3083 739 3162 niteretur,
766 3100 834 3148 uon
856 3105 954 3167 super
975 3093 1034 3151 eoi
1048 3077 1117 3170 po·

29 3237 32 3242 ·
105 3211 267 3264 testatem
289 3186 433 3283 aliquem
455 3187 622 3280 acciperet
644 3219 665 3262 a
687 3195 915 3277 domino‚.sed
937 3209 1015 3263 anto
1034 3197 1116 3264 ton·

107 3333 243 3378 cessam
264 3333 309 3377 ex
327 3310 479 3394 nequitia
501 3329 562 3374 sua
582 3309 748 3390 perderet.
793 3309 854 3374 Est
872 3319 907 3374 et
920 3308 989 3375 elia
1004 3329 1118 3398 cansa,

113 3445 215 3509 quaro
240 3426 298 3510 jus
326 3422 454 3488 nullom
482 3422 518 3487 in
549 3441 604 3487 eo¹
619 3421 797 3503 habuerat,
830 3425 909 3508 qnia
935 3422 996 3490 illo
1025 3445 1065 3490 se
1087 3425 1120 3488 ei

112 3542 318 3623 emancipare
356 3556 423 3602 non
457 3539 574 3620 potnit.
628 3533 834 3622 Quamquam
871 3541 960 3602 enim
997 3536 1119 3620 aliquit
1158 3573 1162 3580 -
1249 3531 1254 3546 '

113 3671 231 3718 servus
263 3674 283 3718 a
314 3653 447 3719 domino
476 3672 536 3719 sno
568 3652 694 3738 fugiat,
712 3662 806 3717 'non'
821 3665 932 3716 tamen
961 3650 1120 3718 alteriue

17 3781 19 3828 ζ
109 3767 188 3852 jure
215 3781 401 3850 protervo
434 3764 565 3829 tradere
601 3775 723 3848 potest.
767 3762 975 3852 l'gitur'cum
1003 3771 1121 3836 sersus

115 3878 410 3963 emancipationem
440 3877 493 3943 sui
513 3875 627 3942 lucore
648 3898 715 3944 non
736 3879 862 3962 possit,
888 3874 987 3941 bomo
1010 3887 1122 3944 antem

20 4055 23 4080 ,
115 3991 412 4076 emancipationem
427 3993 531 4062 istem
548 3985 685 4074 lecerit,
713 3994 845 4057 coortat
863 3989 1045 4058 hominem·
1059 3989 1121 4056 snb
