2798 4486
261 221 311 294 40

264 389 362 458 minis
394 412 492 483 supra
526 384 645 456 dictum
677 401 739 459 est.
783 383 875 476 Quid
904 409 981 455 vero
1010 383 1093 454 haec
1123 384 1262 458 obsecro

265 501 309 571 ad
331 497 758 597 inquinationemanimae,
785 514 822 567 ut
847 497 949 568 lectus
979 495 1129 566 videlicet
1156 501 1263 592 cujus·

267 623 363 708 quam
399 626 568 682 contactus
602 610 697 680 etiam
726 609 898 706 polluatur.
950 606 1047 697 Quae
1077 624 1153 679 sunt
1181 609 1264 682 istae

266 751 324 796 oro
354 723 575 793 immunditiae
606 720 656 792 vel
682 721 906 816 pollutiones?
952 718 1049 790 Certe
1078 719 1152 791 illae
1178 748 1262 818 quae
1302 733 1304 747 “

200 879 201 882 =
266 854 299 906 et
318 837 472 920 ciborum,
495 850 532 902 ut
553 834 638 903 sicut
656 833 699 902 illi
718 833 811 903 vobis
832 831 954 901 vitandi
978 849 1053 902 sunt
1074 834 1108 902 in
1129 859 1197 916 esu,
1217 836 1264 906 sic
1328 862 1330 868 ’

253 949 326 1040 Υἱειει
341 947 381 1045 ιἰιι
401 965 498 1031 tactu,
521 962 552 1016 et
571 946 653 1015 sicut
674 944 730 1023 illa¹
746 944 928 1028 immunda,
947 944 1022 1040 quia
1044 971 1111 1015 nou
1135 946 1264 1017 edenda

266 1060 312 1129 sic
336 1060 399 1128 ista
421 1058 586 1127 immunda
613 1057 665 1126 vel
686 1056 810 1152 polluta
833 1056 908 1151 quia
931 1081 997 1124 non
1022 1058 1202 1150 tangenda,
1230 1075 1264 1129 et
1323 1117 1328 1124 .
1392 1079 1394 1090 “

266 1171 320 1268 qui
344 1196 382 1242 ea
404 1184 555 1262 tangunt,
586 1171 681 1239 etiam
707 1169 736 1238 si
762 1167 929 1263 compulsi
946 1167 997 1237 vel
1020 1168 1206 1262 ignorantes
1227 1171 1264 1240 id

265 1283 398 1366 faciunt,
423 1281 580 1350 immundi
604 1280 748 1351 similiter
771 1279 997 1364 decernuntur,
1019 1280 1094 1376 quia
1114 1282 1149 1350 in
1170 1281 1263 1352 lami-

265 1393 403 1464 liaritate
439 1392 693 1462 conversationis
728 1391 850 1462 vitandi
882 1417 986 1487 usque
1016 1391 1059 1461 ad
1086 1395 1263 1486 praefixum

265 1494 496 1602 purificationis
525 1505 707 1574 terminum.
754 1502 851 1593 Quae
880 1530 957 1574 vero
987 1503 1159 1574 manifesta
1187 1522 1264 1575 suut

265 1633 417 1712 peccata,
446 1617 530 1686 sicut
558 1613 768 1686 homicidium
795 1614 846 1685 vel
875 1615 1066 1685 adulterium
1095 1630 1128 1685 et
1148 1615 1264 1686 similia

254 1741 370 1798 'morte
404 1729 511 1824 potius
541 1726 731 1812 multantur,
766 1753 864 1822 quam
893 1726 1062 1823 sacrificiis¹
1086 1727 1263 1823 expiantur,

266 1847 328 1910 nec
364 1840 410 1909 eis
438 1823 548 1909 talium
577 1839 834 1934 purificationum
862 1838 1048 1932 indulgetur
1073 1838 1263 1925 remedium,

268 1951 383 2047 quibus
405 1950 532 2035 salvari,
555 1951 609 2046 qui
634 1977 671 2021 ea
691 1950 931 2034 commiserunt,
952 1950 1091 2022 valeant.
1124 1951 1173 2019 Ex
1197 1979 1262 2049 quo

266 2064 370 2156 magis
400 2063 460 2132 has
488 2063 728 2158 purificationes
752 2063 794 2132 ad
818 2061 982 2157 quandam
1003 2063 1088 2131 vitae
1111 2089 1263 2159 praesen·

107 2197 109 2204 ·
187 2185 191 2188 ’
267 2177 307 2245 tis
337 2175 559 2259 honestatem,
589 2199 687 2271 quam
717 2175 759 2244 ad
788 2176 915 2244 animae
939 2173 1075 2266 salntem
1102 2175 1262 2270 intelligas

268 2286 519 2356 accommodari.
564 2287 609 2356 Et
631 2314 705 2356 cum
727 2287 837 2356 talium
859 2303 995 2382 peccata
1016 2287 1193 2357 condonari
1215 2289 1262 2357 di·-

268 2399 394 2482 cuutur,
415 2423 541 2493 poenas
564 2397 635 2466 illas
660 2397 860 2493 corporales,
885 2423 967 2491 quae
989 2425 1049 2492 pro
1072 2399 1151 2493 ipsis
1170 2383 1263 2470 iusti-

267 2523 355 2576 uitae
379 2524 463 2593 sunt,
485 2508 546 2593 his,
568 2510 624 2604 qui
646 2533 666 2580 a
688 2509 900 2579 conversione
924 2509 1089 2578 communi
1109 2537 1263 2606 separan-

267 2636 328 2702 tur,
351 2619 487 2688 relaxari
510 2637 647 2693 constat.
687 2619 853 2717 Numquid
876 2623 961 2690 enim
985 2639 1017 2692 et
1039 2622 1126 2694 aliud
1146 2625 1263 2694 iutelli-

268 2731 410 2823 gendum
427 2746 477 2800 est
496 2749 663 2826 peccatum
681 2733 870 2818 condonari,
891 2759 987 2829 quam
1003 2760 1143 2829 poenam
1161 2738 1189 2806 ei
1208 2739 1262 2808 de·

267 2843 366 2911 bitam
388 2841 541 2928 relaxari,
569 2845 636 2914 sive
665 2845 721 2914 illa
742 2845 784 2914 sit
805 2846 983 2941 corporalis
1007 2847 1074 2916 sive
1097 2861 1262 2943 perpetua.

266 2955 405 3024 Animae
433 2981 510 3024 vero
533 2972 640 3026 reatus
670 2958 752 3026 sicut
773 2957 936 3027 voluntate
963 2958 1065 3052 ipsius
1094 2961 1263 3030 committi·

267 3083 327 3149 tur,
345 3092 405 3162 per
425 3070 493 3161 ejus
515 3093 572 3137 cor
589 3071 758 3138 contritum
775 3094 813 3138 ac
829 3094 938 3138 veram
952 3069 1170 3165 poenitentiae
1187 3098 1264 3143 con·

266 3179 478 3273 punctionem
502 3186 576 3268 (18.
600 3179 663 3272 V.)
687 3180 795 3249 statim
816 3179 861 3249 ita
884 3179 1103 3265 condonatur,
1126 3199 1161 3252 ut
1183 3184 1263 3254 ulte·

268 3289 334 3358 rius
357 3316 416 3385 pro
440 3291 512 3385 ipso
536 3291 718 3361 nullatenus
743 3290 927 3376 damnetur,
951 3291 1032 3361 sicut
1055 3292 1174 3362 dictum
1199 3313 1263 3366 est:

183 3487 187 3502 Χ
265 3395 339 3470 Dixi
370 3403 549 3472 confitebor
575 3401 746 3473 adversum
767 3429 831 3473 me.
874 3401 1057 3498 Postquam
1081 3405 1166 3474 euim
1187 3434 1263 3502 pec·

267 3531 355 3583 eatur
391 3515 564 3616 poenitens
601 3514 686 3610 apud
723 3540 758 3584 se
795 3514 961 3584 constituit
986 3541 1022 3585 se
1045 3517 1159 3612 ipsum
1187 3519 1263 3591 iude

268 3653 328 3720 per
350 3625 589 3698 confessionem
619 3649 790 3710 accusare,
817 3629 883 3719 jam
909 3627 943 3696 in
966 3629 1031 3699 hoc
1056 3630 1145 3724 ipso,
1175 3631 1263 3726 quod

267 3735 362 3831 culpa
385 3764 556 3832 perversae
575 3737 749 3808 voluntatis
771 3763 944 3834 perquam
967 3740 1145 3838 deliquerat
1166 3759 1263 3828 caret,

202 3865 204 3870 '
265 3840 404 3941 reatu(s)
426 3850 563 3918 admissi
593 3866 626 3919 et
647 3875 754 3945 poena
778 3853 846 3944 ejus
868 3869 1026 3946 perpetua
1049 3854 1263 3940 condonatur,

268 3960 330 4030 etsi
353 3960 459 4032 adhuc
484 3961 669 4058 temporalis
695 3964 735 4032 ad
755 3964 988 4035 correctionem
1006 3983 1160 4052 servetur,
1181 3968 1265 4040 sicut
1320 4023 1322 4034 .
