2740 4486
291 279 345 360 et

291 455 325 520 in
345 451 523 518 dilectione
538 451 617 533 Dei,
641 474 725 537 qnae
743 454 941 518 sustentatio
961 462 1013 520 est
1032 457 1160 520 animae
1174 457 1209 520 in
1232 477 1285 522 no·

229 639 231 646 ,
291 571 343 635 bis
365 570 617 654 augmentanda.
652 570 692 634 In
714 567 806 633 nullo
829 570 988 653 siquidem
1010 570 1286 639 aliorumtantum

292 687 366 769 ejus
388 684 565 748 dilectione
588 681 771 761 afficimur,
795 697 949 764 qnantum
973 687 1006 748 in
1029 686 1106 748 isto.
1150 684 1191 751 In
1212 687 1285 751 vino

292 819 421 882 quoque
443 799 637 882 sanguinem
660 817 753 860 suum
778 796 857 859 dare
887 796 1021 874 maluit,
1048 819 1142 880 quam
1164 801 1199 861 in
1222 799 1286 863 alic

290 924 389 995 potu,
422 913 497 993 quia
525 930 584 991 per
611 911 722 973 vinum
751 908 880 973 laetitia
908 911 1123 996 significatur.
1174 911 1285 976 Unde:

292 1038 326 1089 et
353 1027 465 1090 vinum
494 1022 655 1088 laetificat
673 1044 740 1086 cor
768 1021 922 1115 hominis.
971 1023 1035 1088 Per
1065 1021 1127 1088 hoo
1160 1047 1286 1109 quoquc

291 1150 403 1220 aperte
426 1137 588 1214 ostendit,
610 1135 887 1199 inaestimabilem
909 1135 1071 1200 laetitiam
1085 1161 1144 1219 par
1159 1141 1287 1219 passio-

290 1272 366 1314 nem
395 1271 487 1312 suam
519 1247 692 1311 Ecclesiae
724 1249 917 1326 affuturam,
948 1270 1043 1331 quam
1073 1248 1203 1326 Sancti,
1235 1252 1287 1333 qui

269 1371 367 1429 ‘ante
400 1364 575 1428 adventum
608 1384 700 1426 suurn
734 1363 887 1440 fuerunt,
927 1365 1060 1426 minime
1093 1362 1287 1442 habuerunt,

293 1480 370 1561 quia
391 1474 559 1539 moriendo
583 1497 649 1538 non
676 1475 860 1538 transibant
884 1476 925 1539 ad
949 1477 1070 1555 vitam,
1100 1480 1165 1540 imo
1184 1480 1220 1540 in
1239 1483 1288 1542 in·
1314 1507 1320 1517 ·

289 1592 384 1656 feroc
408 1589 650 1655 detinebantur.
692 1587 789 1652 Unde
809 1611 870 1652 nec
888 1610 1000 1654 eorum
1018 1591 1168 1655 natalitia
1185 1593 1220 1654 in
1235 1613 1287 1656 ec·

290 1704 395 1769 clesia
427 1702 646 1767 celebrantur.
700 1700 753 1764 De
789 1723 874 1784 aqua
907 1724 972 1767 non
1005 1702 1166 1788 legimus,
1201 1705 1289 1787 quod

289 1815 439 1881 Christus
461 1814 537 1878 huic
558 1826 765 1877 sacramento
789 1813 963 1879 addiderit.
1010 1813 1075 1879 Cur
1093 1817 1192 1901 igitur
1207 1819 1287 1881 vino
1341 1877 1342 1913 ,

288 1927 507 1995 admiscetur?
551 1927 618 1992 Sed
641 1927 796 2006 dicimus,
820 1927 907 2011 quod
927 1949 985 2010 par
1006 1949 1131 2010 aquam,
1148 1930 1288 2012 populos

287 2047 434 2132 gentium
456 2043 658 2128 designatur.
702 2039 798 2104 Unde
817 2063 923 2125 aqtraa
941 2031 1062 2106 multae
1077 2042 1191 2124 populi
1203 2043 1289 2108 mul·

286 2163 329 2234 ti;
352 2171 389 2222 ut
411 2159 498 2220 enim
526 2176 655 2237 semper
684 2156 718 2218 in
747 2155 837 2217 fluxu
868 2166 901 2216 et
925 2155 960 2217 in
982 2152 1166 2218 mobilitate
1189 2176 1289 2238 aqua,

229 2243 231 2248 V
287 2275 336 2337 ita
357 2269 495 2355 populus
517 2268 576 2332 ille
605 2271 638 2333 in
667 2269 757 2332 fluxu
787 2269 894 2330 carnis
918 2279 951 2330 et
972 2267 1190 2332 instabilitate
1209 2291 1291 2352 qua·

287 2386 361 2448 dam
384 2382 603 2446 detinebatur.
647 2378 734 2447 Nam
756 2378 848 2443 nullu
871 2380 956 2465 legis
979 2379 1034 2444 vel
1050 2379 1288 2462 Prophetarum

282 2503 365 2584 jugo
378 2497 597 2572 reiroenatus,
612 2517 671 2577 per
682 2494 776 2558 lucos
796 2505 832 2560 et
844 2516 918 2558 uras
938 2495 1131 2560 daemonum
1145 2492 1223 2560 binc
1237 2499 1291 2575 in·

286 2612 327 2675 de
340 2611 541 2691 raptabatur.
576 2607 656 2671 Cum
672 2609 774 2692 igitur
792 2621 868 2671 ante
883 2622 1020 2672 mortem
1038 2607 1161 2694 Christi
1183 2633 1290 2693 popu-

285 2725 336 2792 lus
353 2725 417 2787 iste
431 2724 465 2787 in
481 2721 667 2785 Ecclesiam
684 2742 749 2784 uon
765 2723 940 2800 intrasset,
955 2743 1020 2786 non
1040 2735 1112 2786 crat
1131 2727 1291 2788 conveni·

286 2861 364 2917 ens,
383 2838 467 2922 quod
484 2858 586 2919 aqua,
609 2858 692 2920 quae
707 2837 859 2922 gaudium
877 2837 917 2900 da
935 2841 1007 2921 ejus
1021 2840 1157 2901 introito
1176 2842 1291 2925 expri-
1336 2837 1337 2844 '

283 2957 354 3032 mit,
369 2950 554 3018 adderetur.
588 2947 670 3014 Cum
682 2971 761 3013 varo
776 2962 895 3034 postea
910 2953 1060 3030 intraret,
1077 2951 1231 3018 Ecclesia
1248 2955 1291 3020 de

284 3069 356 3151 ejus
368 3068 503 3129 introitu
519 3075 553 3126 et
568 3064 727 3126 societate
741 3063 901 3148 gaudens,
915 3085 1031 3147 aquam
1048 3065 1209 3148 adjunxit.
1235 3065 1294 3132 Da

284 3179 445 3245 fractione
465 3175 546 3255 illa,
569 3197 653 3260 quaa
674 3175 721 3238 ibi
747 3187 899 3256 apparet,
923 3176 1045 3263 ambigi
1063 3178 1152 3251 solet¹
1167 3179 1294 3242 simili·
1340 3191 1341 3201 ¹

284 3305 347 3370 ter,
371 3313 413 3356 an
432 3270 536 3372 ipsum
561 3311 677 3370 corpus
703 3286 848 3366 Christi,
871 3292 955 3352 sicut
976 3311 1055 3354 vere
1078 3304 1128 3354 est
1148 3292 1214 3370 ibi,
1241 3296 1295 3358 ita

284 3407 474 3472 inveritate
492 3403 675 3488 frangatur.
698 3401 764 3465 Sed
782 3401 928 3480 dicimus,
945 3404 1031 3486 quod
1045 3407 1129 3468 sicut
1146 3427 1224 3468 esse
1242 3409 1294 3470 vi·

285 3519 380 3582 detur
398 3518 519 3600 panis,
537 3525 569 3578 et
585 3535 650 3578 non
674 3525 745 3592 est,
767 3514 897 3578 videtur
917 3537 1043 3598 quoque
1063 3519 1174 3582 vinum
1193 3539 1293 3595 esse,

285 3653 357 3695 cum
380 3642 488 3693 tamen
511 3629 623 3692 vinum
645 3627 796 3691 nonsit:
828 3629 876 3690 sic
900 3629 1030 3691 videtur
1050 3627 1180 3714 frangi,
1211 3635 1295 3696 oum

285 3743 479 3806 fractionem
511 3737 636 3806 nullam
664 3740 801 3820 recipiat
827 3738 1016 3823 nullamque
1045 3745 1184 3825 partium
1212 3765 1294 3806 sec-

285 3858 405 3919 tionem
428 3854 596 3934 snscipiat.
639 3847 710 3918 Neo
741 3865 792 3916 est
820 3865 954 3934 propter
983 3852 1046 3917 hoc
1073 3853 1296 3937 phantastica

283 3969 368 4033 risio
400 3965 479 4044 illa,
517 3967 594 4050 quia
622 3985 689 4046 non
720 3976 771 4030 cst
798 3965 839 4032 ad
868 3966 1096 4052 deceptionem
1123 3967 1181 4034 vel
1205 3968 1295 4036 fidei
