2740 4486
1011 293 1090 380 tut

94 481 125 531 et
148 491 209 555 ego
232 470 460 550 concupiscam
483 467 570 550 quud
597 466 704 532 babeo
726 467 887 545 retinete,
911 465 987 549 quia
1007 463 1090 529 utilc

96 580 171 646 mihi
200 593 310 664 putem
344 581 427 650 illud
456 580 516 646 vel·
544 583 620 663 quia
651 600 718 644 non
739 573 840 644 facile
861 597 1090 660 recuperarem

94 695 192 774 illud,
227 709 317 760 tunc·
336 697 526 759 necessaria
559 705 610 758 cst
639 693 855 774 temperantia
880 704 994 760 contra
1014 711 1088 772 prn-

94 830 206 890 epcra,
236 832 320 892 quae
341 807 691 891 concupiscibilitatem
720 819 904 888 temperans
923 806 1090 890 justitiam

92 917 241 986 illaesam
273 933 458 986 conservat.
504 919 599 984 Haec
628 920 735 984 animi
758 919 911 987 voluutas
936 919 987 984 ltin
1008 916 1093 982 dun«

28 1081 32 1090 .
93 1030 150 1100 bus
172 1036 267 1118 quai
289 1034 491 1098 fulcimentis
511 1035 637 1110 innixa,
656 1033 786 1116 justitia
807 1046 870 1096 ert.
894 1030 1090 1101 ,Notandum

90 1159 259 1224 vernent,
283 1147 370 1228 quod
391 1168 463 1210 cum
480 1147 611 1230 justitia
632 1145 786 1211 voluntas
807 1125 910 1211 animi
930 1146 1001 1222 ait,
1020 1143 1089 1211 scr·

91 1258 194 1322 titudo
217 1271 250 1322 et
273 1236 488 1341 temperantia
499 1268 541 1340 2⁹)
564 1239 637 1324 cum
654 1279 765 1322 earum
779 1260 963 1326 contratiae
983 1259 1088 1340 impc-

89 1376 212 1438 tentiae
242 1371 325 1452 ¹sint,
358 1376 522 1456 potentiae
553 1396 628 1437 cere
657 1395 795 1459 accerse
818 1359 897 1438 een·
923 1371 1088 1454 intempe-

86 1489 197 1552 rantia
220 1488 307 1550 enim
330 1499 363 1550 et
377 1485 542 1563 debilitas,
566 1497 659 1569 quael
673 1508 786 1552 aarum
800 1489 983 1551 contrariae
999 1499 1087 1566 suut,

87 1601 304 1681 impotentiae
325 1599 499 1664 videntum·
532 1599 584 1664 Ex
617 1601 754 1664 caritate
784 1589 884 1688 igitur
905 1611 981 1664 eunt
1003 1597 1087 1663 haec

84 1712 299 1790 fulcimenta,
345 1732 411 1775 nou
443 1713 577 1777 caritas.
630 1711 712 1791 Cum
743 1714 841 1782 enim,
865 1713 989 1778 diceret
1016 1710 1087 1778 Au·

84 1827 238 1912 guntinus
274 1845 403 1911 ornnem
431 1801 584 1888 virtutem
612 1845 688 1890 essa
718 1826 906 1903 caritatem,
944 1823 1008 1888 boc
1034 1825 1087 1890 in·

84 1935 239 2017 tellcxit,
270 1937 356 2022 quod
378 1940 483 2002 omnis
506 1947 595 2004 cenet
616 1941 758 2019 caritas,
792 1939 848 2005 uel
872 1941 1008 2008 effectur
1031 1959 1087 2004 ca·

81 2055 209 2120 uitatis:
235 2055 367 2130 caritas,
391 2063 428 2116 ut
450 2071 563 2115 umnec
586 2051 667 2116 illac
683 2061 724 2132 ³⁰)
748 2073 833 2136 quac
854 2053 891 2116 in
912 2051 1085 2116 voluntate

83 2167 287 2239 consistuut3
321 2166 475 2243 effectus,
505 2177 540 2229 ut
568 2187 779 2250 quaecunque
807 2179 885 2232 tunt
906 2168 1084 2248 potentiae.
1146 2231 1148 2236 .

40 2355 42 2360 ,
81 2277 161 2345 Huc
184 2277 270 2356 dicu,
292 2279 320 2340 si
342 2276 419 2374 huic
440 2280 625 2342 sententiae
637 2280 800 2343 assentire
814 2278 976 2358 volumus,
999 2277 1086 2362 quud

80 2391 241 2456 fortitudo
271 2401 306 2454 ct
341 2393 557 2472 temperantia
589 2403 623 2454 et
650 2414 735 2474 quac
756 2391 817 2456 nub
841 2394 889 2456 eir
913 2395 1085 2460 continen-

79 2515 137 2567 tur
163 2505 330 2585 potentiae
360 2504 460 2567 animi
488 2507 556 2568 sint
588 2516 623 2567 et
643 2497 822 2570 secundum
844 2503 907 2570 hcc
927 2504 1013 2570 bene
1036 2507 1093 2570 tli··

79 2617 199 2694 cimuS,
223 2615 309 2697 quod
330 2615 425 2679 multi
447 2617 518 2680 aine
542 2619 661 2680 virtute
683 2616 865 2695 salvantur,
891 2620 968 2702 quia
988 2617 1086 2686 multi

14 2737 37 2767 '⁴
76 2730 157 2794 aine
185 2727 331 2806 perlecta
360 2731 496 2792 caritate
525 2728 715 2808 salvantur,
747 2731 824 2812 quia
852 2742 922 2795 tum
942 2731 1083 2815 ‚quando

77 2842 264 2906 moriuntur
286 2838 370 2903 hanc
392 2839 594 2908 voluntatem
616 2840 780 2922 habeant,
803 2842 902 2927 ¹quod
932 2845 973 2930 ui¹
992 2845 1082 2927 optio

77 2955 133 3020 eis
156 2953 288 3017 daretur
309 2946 528 3030 morarentur,
551 2975 616 3018 non
639 2965 749 3018 tamen
766 2954 890 3020 habeut
909 2953 1004 3020 illam
1023 2976 1085 3021 vu·

73 3065 241 3132 luntatem
263 3063 401 3128 difficile
422 3063 597 3144 mobilem,
630 3067 708 3148 quia
739 3067 769 3130 ui
796 3068 947 3134 viverent
975 3079 1081 3134 muta·

71 3197 171 3251 retur
192 3183 252 3250 illa
273 3181 427 3246 voluutas
449 3194 483 3245 et
501 3182 578 3246 idco
600 3202 668 3246 nou
689 3193 741 3246 eet
761 3182 876 3246 virtus.
912 3181 950 3247 Si
969 3196 1082 3252 autem

70 3299 230 3363 volumus
254 3297 363 3360 dicere
386 3295 472 3379 quod
494 3296 599 3362 onmis
620 3295 724 3358 virtut
752 3295 796 3359 sit
811 3292 964 3362 voluntas
992 3295 1087 3364 bona

68 3417 272 3493 possumus,
316 3408 403 3493 quud
438 3409 543 3473 omniu
582 3406 685 3471 virtus
723 3418 776 3472 est
809 3409 929 3472 caritas
969 3419 1004 3474 et
1031 3410 1081 3476 ite

69 3517 206 3588 caritas'
225 3524 289 3586 erit
309 3541 414 3607 genua
436 3521 580 3586 omnium
606 3520 773 3588 virtutum.
813 3518 988 3599 Diximus,
1012 3532 1080 3588 trau
1166 3561 1168 3567 .

67 3653 154 3701 esse
177 3636 306 3717 species
328 3633 661 3717 virtutia‚‘justitinm
682 3629 831 3713 scilicet,
854 3632 1080 3700 fortitudinem

66 3759 110 3812 et
133 3747 394 3830 temperantiam.
437 3741 534 3812 Nunc
563 3743 884 3830 inquirendum·.cst,
916 3745 1080 3828 quomoda

65 3879 194 3925 omnes
215 3862 354 3926 virtuter
376 3857 419 3925 ad
439 3859 523 3924 ittet
551 3867 619 3924 trec
648 3868 683 3923 et
710 3879 802 3958 quae
816 3857 857 3924 ad
882 3879 963 3945 qum
984 3859 1079 3926 redu·

67 3980 207 4042 “Bilit-
