2798 4486
226 221 254 294 8

229 414 289 462 vos
324 387 390 460 boc
419 385 567 460 refellere
594 386 720 463 valetis.
780 386 828 459 Ut
855 401 964 459 antem
998 413 1038 460 ex
1066 387 1231 467 hnmanae
1345 481 1348 488 .

231 501 468 574 consuetudine
497 501 581 570 vitae
611 524 778 570 sumamus
808 499 990 597 exemplum
1012 543 1058 556 -
1081 501 1124 572 da
1152 503 1232 574 mibi

231 615 370 705 obfsecro
392 611 573 687 consilium.
614 610 735 682 Servus
755 637 827 683 sum
851 614 1020 708 cujusdam
1040 614 1177 700 domini,
1200 631 1233 687 et

231 754 307 799 eum
321 717 489 797 offendere
502 725 712 795 vehementer
725 726 835 811 timeo,
848 743 880 796 et
895 725 1014 795 multos
1030 725 1138 798 babeo
1153 754 1232 799 cou-

231 865 344 912 servos
368 839 485 910 eodem
504 835 619 906 timore
644 837 812 909 sollicitos.
848 836 972 907 Dicunt
992 837 1039 908 illi
1060 836 1150 925 mibi,
1173 840 1232 913 do·

231 953 356 1024 minum
378 966 526 1024 nostrum
549 948 705 1044 quiddam
726 950 934 1045 praecepisse
957 950 1108 1030 omnibus
1131 955 1232 1024 servis

233 1066 301 1136 suis
324 1091 377 1135 me
398 1063 552 1145 absente,
579 1062 667 1158 quod
691 1087 753 1154 ego
775 1087 844 1132 nou
866 1063 1000 1155 ignoro,
1024 1063 1111 1159 quod
1135 1081 1167 1134 et
1188 1065 1234 1134 illi

233 1194 419 1273 operantur,
442 1174 539 1244 etad
563 1175 808 1269 cooperandum
829 1199 883 1243 me
905 1173 1097 1245 hortantur?
1131 1174 1235 1267 ,Quid
1337 1209 1340 1218 ⁴

233 1289 314 1358 mibi
329 1287 444 1357 landas
457 1285 643 1357 laciendum
658 1310 742 1369 esse,
758 1287 786 1354 si
802 1285 843 1355 de
858 1311 898 1356 eo
915 1284 1126 1356 dubitaverim
1140 1312 1234 1383 prae·

235 1417 349 1495 cepto,
380 1399 433 1469 cui
457 1423 518 1492 ego
547 1398 616 1466 non
637 1395 789 1467 interlui?
834 1394 913 1468 Non
935 1395 1032 1467 eredo
1056 1399 1107 1468 vel
1129 1415 1160 1470 te
1184 1399 1235 1470 vel

235 1511 334 1582 alium
356 1511 433 1584 mibi
455 1502 645 1608 consulere,
678 1526 714 1578 ut
735 1502 901 1578 servorum
930 1509 1074 1579 omnium
1098 1512 1235 1584 consilio

235 1639 361 1718 spreto,
392 1647 524 1694 sensum
547 1619 715 1716 proprium
738 1645 881 1716 sequens
910 1647 1010 1690 unum
1039 1649 1091 1692 me
1121 1649 1236 1719 seque·

236 1751 335 1804 strern
354 1734 395 1804 ab
414 1761 464 1818 eo,
488 1733 565 1822 (lol.
580 1737 610 1807 4.
625 1731 683 1820 R.)
709 1733 798 1828 quod
818 1732 863 1803 illi
882 1734 1096 1805 communiter
1112 1739 1235 1828 agunt?
1288 1788 1291 1799 .

236 1863 268 1916 et
291 1827 380 1942 quod
403 1871 518 1916 omnes
541 1844 748 1940 praecepisse
772 1844 940 1948 domiuum
962 1849 1141 1916 testantur?
1167 1872 1236 1916 ma·

232 1958 318 2054 rime
343 1984 416 2027 cum
440 1957 503 2026 tale
526 1957 672 2027 videatur
693 1973 912 2052 praereptum,
939 1959 1029 2054 quod
1050 1957 1139 2028 nulla
1159 1983 1237 2054 pos·

152 2081 160 2096 '
236 2068 430 2140 sit·ratioue
459 2065 573 2137 refelli.
618 2066 711 2159 Quid
733 2068 813 2140 mibi
839 2093 975 2140 necesse
1006 2086 1058 2140 est
1084 2070 1126 2139 de
1152 2071 1238 2165 peri·

236 2181 310 2251 culo
335 2180 499 2264 dubitare,
533 2203 644 2276 aquo
667 2207 803 2276 possum
832 2205 967 2252 securus
997 2181 1155 2253 existere?
1200 2182 1238 2253 Si

236 2293 301 2363 boc
332 2292 484 2362 dominus
514 2293 697 2386 praecepit,
728 2293 820 2389 qnod
847 2292 1022 2364 multorum
1048 2294 1237 2366 testimonio

239 2404 456 2486 confirmatur,
481 2417 514 2472 et
531 2400 703 2496 plurimum
727 2403 826 2476 babet
844 2404 990 2491 rationis,
1012 2407 1239 2478 inexcusabilis

237 2516 372 2588 omnino
393 2539 476 2600 sum,
500 2514 555 2609 qui
577 2541 645 2585 non
668 2517 798 2588 obedio.
838 2516 874 2586 Si
893 2534 1005 2588 autem
1028 2511 1164 2588 consilio
1187 2518 1239 2589 vel

237 2626 459 2698 exhortatione
486 2643 524 2696 et¹
538 2625 686 2720 exemplo
707 2655 939 2722 conservorum
959 2630 1125 2725 deceptus,
1150 2631 1241 2726 quod

237 2756 446 2836 praeceptum
469 2738 609 2824 nonsit,
633 2764 760 2834 operor,
784 2741 844 2812 etsi
863 2742 1065 2837 operandum
1086 2769 1156 2813 non
1170 2742 1240 2813 lue·
1348 2776 1349 2784 ¹

237 2853 289 2936 rit,
310 2850 371 2920 illis
394 2849 503 2947 potius
527 2875 625 2946 quam
647 2851 727 2922 mibi
752 2870 801 2924 est
822 2853 1057 2950 imputandum,
1079 2880 1176 2950 quem
1197 2854 1254 2934 ad,

237 2964 303 3035 boe
325 2962 505 3060 reverentia
528 2962 652 3033 domini
674 2965 776 3041 traxit.
996 2952 1003 2969 '
1180 2979 1184 2991 “

325 3074 485 3146 Philus.
525 3072 622 3145 Certe
639 3092 674 3145 tu
694 3076 765 3172 ipse
789 3077 959 3148 consilium
976 3077 1131 3173 aperuisti
1152 3077 1243 3174 quod

238 3185 415 3284 requisisti,
437 3212 602 3284 nemoque
623 3205 737 3259 contra
754 3189 819 3261 boe
837 3190 995 3260 discretus
1014 3189 1160 3275 senserit,
1182 3188 1243 3261 sed

240 3316 317 3394 apta
338 3297 528 3395 propositae
546 3300 762 3372 similitudinis
782 3302 964 3398 exemplum
980 3301 1102 3373 adhoc
1119 3302 1242 3398 quo[d]

238 3410 413 3481 tendimus.

269 3518 274 3531 “
326 3521 349 3590 J
357 3523 521 3593 udaeus.
565 3522 691 3594 Multae
700 3511 715 3611 „
733 3527 817 3595 sicut
838 3525 908 3620 ipse
931 3524 1035 3610 nosti,
1061 3524 1248 3618 generatio·
1279 3533 1283 3544 “

238 3659 309 3718 nes,
337 3652 587 3728 praecesserunt
608 3663 647 3707 ex
670 3662 736 3733 quo
759 3638 900 3733 populns
923 3654 1036 3708 noster
1058 3637 1122 3707 boc
1145 3652 1242 3706 testa·
1300 3627 1302 3632 ’

237 3759 394 3830 mentum,
417 3747 507 3843 quod
522 3747 585 3817 sibi
600 3748 711 3819 datum
730 3749 830 3820 adeo
854 3765 1032 3835 autumant,
1056 3747 1242 3818 obediendo

240 3857 474 3943 custodierunt,
497 3875 528 3928 et
548 3884 663 3931 omnes
685 3859 806 3956 pa'riter
826 3860 868 3931 de
889 3859 1116 3932 observatione
1137 3858 1242 3956 ipsius

238 3982 305 4038 tam
336 3970 437 4041 verbo
466 3995 564 4067 quam
593 3971 739 4068 exemplo
768 3990 921 4068 posteros
947 3973 1183 4052 instruxerunt,
1205 3985 1244 4042 et
1301 4024 1306 4038 .,
