2798 4486
1005 275 1118 366 A„

136 431 178 530 iit
200 454 417 530 controversia
447 470 480 527 et
507 455 541 526 in
563 455 706 556 quolihet
726 451 947 554 disputationis
970 448 1117 528 conllictn

113 559 259 641 'firmior
278 567 409 638 rationis
432 567 549 638 veritas
570 571 712 655 reddita,
741 596 837 666 quam
865 569 1035 641 auctoritas
1064 587 1117 640 os·
1204 651 1206 656 Ι

137 699 237 754 tensa.
275 678 387 776 Neque
403 679 488 749 enim
506 680 547 748 ad
570 682 665 751 tidem
689 681 893 752 astruendam
914 680 1019 766 refert,
1042 678 1117 777 quid

136 794 179 862 sit
200 793 233 860 in
254 790 300 860 rei
321 791 469 874 veritate,
498 792 555 861 sed
585 793 661 888 quid
682 793 716 861 in
738 793 921 886 opinionem
942 795 1044 887 possit
1064 823 1116 866 re·
1137 877 1142 888 ι
1208 783 1216 792 ”

136 903 207 973 nire
229 917 261 971 ct
288 902 327 970 de
355 901 456 996 ipsius
485 903 681 972 auctoritatis
704 904 806 972 rerhis
829 903 998 998 pleraeque
1021 930 1116 999 quae·

135 1016 256 1086 stiones
280 1029 462 1105 emergunt,
489 1030 524 1083 nt
553 1013 593 1082 de
620 1013 701 1107 ipsis
727 1011 815 1107 prius
845 1037 939 1106 quam
969 1041 1027 1108 per
1046 1016 1117 1111 ipsa

135 1122 339 1223 judicandum
364 1124 414 1193 sit.
456 1122 540 1193 Post
566 1124 722 1194 rationem
745 1150 819 1194 vero
841 1124 998 1194 redditam
1021 1126 1116 1197 etiarn

135 1235 265 1320 siratio
287 1259 353 1302 non
377 1233 418 1302 sit
439 1235 496 1304 sed
519 1235 671 1319 videatur,
691 1234 777 1302 nulla
801 1236 944 1344 quaestio
961 1254 1114 1322 remanet,

136 1349 212 1444 qnia
230 1344 317 1414 nulla
334 1344 490 1414 dubitatio
511 1361 666 1440 superest.
702 1343 830 1414 Tecum
852 1372 927 1416 vero
949 1364 1038 1419 tanto
1057 1350 1113 1420 mi-

134 1484 195 1528 nus
218 1484 256 1527 ex
278 1455 464 1525 auctoritate
485 1458 645 1550 agendum
671 1471 735 1539 est,
765 1473 884 1550 quanto
907 1458 1042 1552 amplius
1063 1485 1113 1528 ra-

133 1568 212 1640 tioni
234 1566 375 1636 inniteris
399 1582 430 1637 et
451 1568 626 1662 scripturae
648 1567 870 1648 auctoritatem
893 1570 996 1637 miuus
1013 1596 1113 1667 agno·
1163 1647 1166 1650 ,

133 1682 207 1752 scis.
250 1675 355 1750 Nemo
385 1677 502 1772 quippe
531 1678 620 1770 argui
647 1678 709 1746 uisi
737 1705 774 1746 ex
803 1679 968 1748 concessis
995 1697 1112 1775 potest,

132 1818 193 1860 nec
222 1789 283 1857 uisi
310 1813 369 1881 per
397 1812 435 1857 ea
464 1810 545 1882 quae
576 1787 688 1883 recipit
717 1790 954 1859 convincendus
983 1806 1046 1873 est,
1080 1807 1112 1861 et

18 1889 22 1897 i
56 1915 60 1925 '
132 1902 222 1971 aliter
237 1916 350 1982 tecum,
372 1897 463 1967 aliter
480 1896 649 1967 nobiscum
665 1897 854 1968 adinvicem
873 1900 1111 1992 confligendum

20 2000 23 2005 ⁸
132 2029 190 2082 est
228 2007 511 2114 QoidGregorius
533 2023 588 2076 ant
610 2008 705 2076 ceteri
729 2009 876 2108 doctores
900 2010 1011 2091 nostri,
1034 2010 1110 2104 quid

92 2157 100 2172 ·
131 2124 228 2192 etiam
248 2121 318 2214 ipse
342 2117 488 2188 Christus
512 2117 562 2188 rel
584 2118 717 2212 Moyses
739 2135 875 2202 astruat,
902 2119 1045 2189 nondum
1068 2121 1109 2189 ad

130 2250 164 2304 te
190 2231 347 2328 pertinere
369 2219 527 2313 novimus,
554 2246 589 2298 ut
612 2229 812 2323 exipsorum
835 2231 926 2303 dictis
950 2231 990 2299 ad
1013 2229 1109 2298 fidem

31 2349 34 2356 ’
131 2342 269 2436 cogaris.
290 2340 360 2428 (fol.
381 2340 510 2431 25.'R.)
559 2340 645 2408 luter
665 2365 743 2424 uos,
773 2341 827 2436 qui
848 2341 909 2410 hoc
929 2328 1108 2435 recipimus,

129 2455 252 2524 hahent
271 2451 332 2520 ista
352 2450 458 2520 locum
480 2465 513 2520 et
533 2451 667 2520 maxime
685 2451 861 2522 rationibus
878 2461 1109 2547 nonuunquam

129 2561 453 2654 fidemhastrneudam
475 2585 546 2630 esse
569 2561 618 2630 vel
647 2560 897 2647 defendendam,
924 2563 965 2631 de
994 2562 1107 2660 quibua
1176 2607 1181 2619 .

130 2674 261 2770 quidem
288 2671 417 2741 memini
446 2687 554 2746 contra
583 2697 640 2744 eos
665 2672 719 2766 qui
740 2673 835 2741 fidem
857 2672 1032 2742 rationibus
1054 2699 1107 2742 ve·

128 2783 311 2879 stigaudam
333 2806 404 2854 esee
427 2783 601 2875 denegant,
624 2782 783 2852 secundus
807 2785 901 2854 etiam
923 2782 1106 2875 theologiae

130 2895 322 2964 christianae
345 2892 423 2962 liber
444 2909 508 2961 tarn
529 2893 640 2962 virtute
662 2895 821 2963 rationum
848 2903 974 2989 qua(m)
999 2911 1106 2962 aucto·

128 3006 223 3075 ritate
245 3004 432 3098 scriptorum
452 3001 576 3097 plenius
593 3001 719 3072 disserit
740 3018 772 3071 et
786 2999 920 3072 rehelles
937 3002 1105 3072 convincit.

128 3113 227 3186 Nunc
249 3112 290 3181 ad
312 3113 519 3208 propositum,
542 3111 567 3182 si
590 3111 705 3205 placet,
726 3129 928 3184 revertamur.
1031 3089 1048 3126 '

214 3223 369 3292 Philus.
404 3224 506 3292 Immo
529 3222 605 3317 quia
624 3221 731 3316 placet
753 3238 784 3290 et
801 3248 896 3316 super
914 3220 1021 3291 omnia
1037 3220 1104 3315 pla·

12 3415 13 3418 ¹
126 3362 200 3407 cere
231 3349 371 3428 oportet,
400 3334 507 3426 quoad
528 3357 699 3427 possumus
722 3333 900 3401 adnitamur
922 3348 953 3402 et
974 3330 1104 3404 verioris
1154 3353 1169 3374 ,-
1241 3361 1243 3366 ·

13 3515 15 3546 ὲ
127 3446 252 3517 ethicae
281 3444 479 3513 documentis
500 3443 604 3536 legem
625 3441 783 3538 poscitare
806 3469 957 3514 conemur
978 3457 1104 3511 natura·

14 3597 16 3646 3
95 3637 100 3648 Ι
126 3555 201 3628 lem.
242 3552 347 3644 'Quod
368 3569 452 3622 recte
475 3568 506 3622 et
528 3555 640 3624 ordine
667 3545 849 3624 consumari
877 3553 1049 3634 credimus,
1078 3551 1105 3620 si

14 3671 16 3700 ²
125 3671 215 3760 juxta
237 3665 500 3768 comprehensam
529 3680 600 3734 ate
629 3664 773 3761 superius
796 3664 916 3734 ethicae
939 3686 1106 3743 summam,

15 3759 19 3900 l

19 4106 40 4254 ,s

20 4255 302 4440 ,

128 3776 217 3869 quod
241 3775 282 3844 sit
302 3799 461 3842 summurn
483 3775 614 3859 bouum,
636 3791 668 3844 et
689 3799 752 3870 qua
767 3774 841 3844 illuc
858 3774 908 3843 ria
921 3774 1105 3867 pervenien-

128 3887 215 3954 dum¹
229 3885 280 3968 sit,
302 3883 556 3968 discusserimus,
577 3903 614 3953 ut
634 3887 676 3956 sit
689 3884 842 3956 uidelicet
862 3883 895 3954 iu
917 3883 967 3954 his
984 3881 1111 3954 ethicae¹

43 4023 47 4026 ·
127 4011 259 4068 nostrae
281 4010 433 4104 tractam
457 3995 633 4090 bipartitus.
