<?xml version="1.0" encoding="UTF-8"?>
<!DOCTYPE html PUBLIC "-//W3C//DTD XHTML 1.0 Transitional//EN"
    "http://www.w3.org/TR/xhtml1/DTD/xhtml1-transitional.dtd">
<html xmlns="http://www.w3.org/1999/xhtml" xml:lang="en" lang="en">
 <head>
  <title>
</title>
<meta http-equiv="Content-Type" content="text/html;charset=utf-8" />
  <meta name='ocr-system' content='tesseract 3.04.00' />
  <meta name='ocr-capabilities' content='ocr_page ocr_carea ocr_par ocr_line ocrx_word'/>
</head>
<body>
  <div class='ocr_page' id='page_1' title='image "./dialogusinterph00abelgoog_0069.png"; bbox 0 0 2798 4486; ppageno 0'>
   <div class='ocr_carea' id='block_1_1' title="bbox 1090 325 1138 400">
    <p class='ocr_par' dir='ltr' id='par_1_1' title="bbox 1090 325 1138 400">
     <span class='ocr_line' id='line_1_1' title="bbox 1090 325 1138 400; baseline -0.021 0"><span class='ocrx_word' id='word_1_1' title='bbox 1090 325 1138 400; x_wconf 78' lang='lat'><strong>51</strong></span> 
     </span>
    </p>
   </div>
   <div class='ocr_carea' id='block_1_2' title="bbox 44 485 1147 704">
    <p class='ocr_par' dir='ltr' id='par_1_2' title="bbox 44 485 1147 704">
     <span class='ocr_line' id='line_1_2' title="bbox 160 485 1136 569; baseline 0.009 -9"><span class='ocrx_word' id='word_1_2' title='bbox 160 492 293 562; x_wconf 88' lang='lat' dir='ltr'><strong>uiouem</strong></span> <span class='ocrx_word' id='word_1_3' title='bbox 319 489 464 562; x_wconf 88' lang='lat' dir='ltr'><strong>videlicet</strong></span> <span class='ocrx_word' id='word_1_4' title='bbox 491 503 675 567; x_wconf 65' lang='lat' dir='ltr'><strong>sectantes.¹</strong></span> <span class='ocrx_word' id='word_1_5' title='bbox 704 485 829 564; x_wconf 83' lang='lat' dir='ltr'><strong>Rursus</strong></span> <span class='ocrx_word' id='word_1_6' title='bbox 856 495 940 566; x_wconf 91' lang='lat' dir='ltr'><strong>idem</strong></span> <span class='ocrx_word' id='word_1_7' title='bbox 963 494 1003 568; x_wconf 90' lang='lat' dir='ltr'><strong>de</strong></span> <span class='ocrx_word' id='word_1_8' title='bbox 1026 521 1065 567; x_wconf 93' lang='lat' dir='ltr'><strong>eo</strong></span> <span class='ocrx_word' id='word_1_9' title='bbox 1088 497 1136 569; x_wconf 91' lang='lat' dir='ltr'><strong>di·</strong></span> 
     </span>
     <span class='ocr_line' id='line_1_3' title="bbox 44 585 1147 704; baseline 0.011 -32"><span class='ocrx_word' id='word_1_10' title='bbox 44 615 46 622; x_wconf 82' lang='grc'><em>’</em></span> <span class='ocrx_word' id='word_1_11' title='bbox 160 604 242 673; x_wconf 88' lang='lat' dir='ltr'><strong>citur·</strong></span> <span class='ocrx_word' id='word_1_12' title='bbox 263 601 440 673; x_wconf 88' lang='lat' dir='ltr'><strong>secundum</strong></span> <span class='ocrx_word' id='word_1_13' title='bbox 462 602 613 678; x_wconf 83' lang='lat' dir='ltr'><strong>Tullium</strong></span> <span class='ocrx_word' id='word_1_14' title='bbox 659 585 774 676; x_wconf 81' lang='lat' dir='ltr'><strong>Restat</strong></span> <span class='ocrx_word' id='word_1_15' title='bbox 794 607 822 676; x_wconf 90' lang='lat' dir='ltr'><strong>is</strong></span> <span class='ocrx_word' id='word_1_16' title='bbox 843 605 944 691; x_wconf 90' lang='lat' dir='ltr'><strong>locus,</strong></span> <span class='ocrx_word' id='word_1_17' title='bbox 967 608 1019 693; x_wconf 89' lang='lat' dir='ltr'><strong>ait,</strong></span> <span class='ocrx_word' id='word_1_18' title='bbox 1040 605 1147 704; x_wconf 49' lang='lat' dir='ltr'><strong>quem‘</strong></span> 
     </span>
    </p>
   </div>
   <div class='ocr_carea' id='block_1_3' title="bbox 44 715 1230 818">
    <p class='ocr_par' dir='ltr' id='par_1_3' title="bbox 44 715 1230 818">
     <span class='ocr_line' id='line_1_4' title="bbox 44 715 1230 818; baseline 0.008 -35"><span class='ocrx_word' id='word_1_19' title='bbox 44 785 47 792; x_wconf 78' lang='grc'><strong>,</strong></span> <span class='ocrx_word' id='word_1_20' title='bbox 161 715 354 784; x_wconf 83' lang='lat' dir='ltr'><strong>extrinsecus</strong></span> <span class='ocrx_word' id='word_1_21' title='bbox 369 715 448 783; x_wconf 83' lang='lat' dir='ltr'><strong>dixit</strong></span> <span class='ocrx_word' id='word_1_22' title='bbox 463 717 590 788; x_wconf 86' lang='lat' dir='ltr'><strong>assumi.</strong></span> <span class='ocrx_word' id='word_1_23' title='bbox 626 716 689 786; x_wconf 84' lang='lat' dir='ltr'><strong>Hic</strong></span> <span class='ocrx_word' id='word_1_24' title='bbox 704 717 823 809; x_wconf 88' lang='lat' dir='ltr'><strong>judicio</strong></span> <span class='ocrx_word' id='word_1_25' title='bbox 845 717 954 787; x_wconf 87' lang='lat' dir='ltr'><strong>nititur</strong></span> <span class='ocrx_word' id='word_1_26' title='bbox 973 736 1136 792; x_wconf 84' lang='lat' dir='ltr'><strong>etaucto·</strong></span> <span class='ocrx_word' id='word_1_27' title='bbox 1227 804 1230 818; x_wconf 37' lang='grc' dir='ltr'>Ι</span> 
     </span>
    </p>
   </div>
   <div class='ocr_carea' id='block_1_4' title="bbox 154 825 1215 2252">
    <p class='ocr_par' dir='ltr' id='par_1_4' title="bbox 154 825 1215 2252">
     <span class='ocr_line' id='line_1_5' title="bbox 159 825 1135 919; baseline 0.011 -25"><span class='ocrx_word' id='word_1_28' title='bbox 159 826 249 896; x_wconf 73' lang='lat' dir='ltr'><strong>ritate</strong></span> <span class='ocrx_word' id='word_1_29' title='bbox 273 841 305 894; x_wconf 88' lang='lat' dir='ltr'><strong>et</strong></span> <span class='ocrx_word' id='word_1_30' title='bbox 321 841 407 894; x_wconf 88' lang='lat' dir='ltr'><strong>totus</strong></span> <span class='ocrx_word' id='word_1_31' title='bbox 429 825 603 919; x_wconf 89' lang='lat' dir='ltr'><strong>probabilis</strong></span> <span class='ocrx_word' id='word_1_32' title='bbox 620 843 678 912; x_wconf 88' lang='lat' dir='ltr'><strong>est,</strong></span> <span class='ocrx_word' id='word_1_33' title='bbox 701 826 778 898; x_wconf 86' lang='lat' dir='ltr'><strong>nihil</strong></span> <span class='ocrx_word' id='word_1_34' title='bbox 797 829 964 898; x_wconf 88' lang='lat' dir='ltr'><strong>continens</strong></span> <span class='ocrx_word' id='word_1_35' title='bbox 987 856 1135 906; x_wconf 84' lang='lat' dir='ltr'><strong>necessa·</strong></span> 
     </span>
     <span class='ocr_line' id='line_1_6' title="bbox 160 935 1136 1038; baseline 0.01 -34"><span class='ocrx_word' id='word_1_36' title='bbox 160 935 251 1005; x_wconf 88' lang='lat' dir='ltr'><strong>rium.</strong></span> <span class='ocrx_word' id='word_1_37' title='bbox 288 935 332 1004; x_wconf 87' lang='lat' dir='ltr'><strong>Et</strong></span> <span class='ocrx_word' id='word_1_38' title='bbox 354 953 430 1038; x_wconf 82' lang='lat' dir='ltr'><strong>post</strong></span> <span class='ocrx_word' id='word_1_39' title='bbox 448 935 571 1032; x_wconf 79' lang='lat' dir='ltr'><strong>aliquas</strong></span> <span class='ocrx_word' id='word_1_40' title='bbox 593 938 644 1007; x_wconf 89' lang='lat' dir='ltr'><strong>hic</strong></span> <span class='ocrx_word' id='word_1_41' title='bbox 666 964 741 1008; x_wconf 87' lang='lat' dir='ltr'><strong>vero</strong></span> <span class='ocrx_word' id='word_1_42' title='bbox 763 937 854 1008; x_wconf 89' lang='lat' dir='ltr'><strong>locus</strong></span> <span class='ocrx_word' id='word_1_43' title='bbox 876 939 1068 1014; x_wconf 84' lang='lat' dir='ltr'><strong>extrinsecus</strong></span> <span class='ocrx_word' id='word_1_44' title='bbox 1090 945 1136 1013; x_wconf 91' lang='lat' dir='ltr'><strong>di·</strong></span> 
     </span>
     <span class='ocr_line' id='line_1_7' title="bbox 161 1047 1185 1150; baseline 0.011 -34"><span class='ocrx_word' id='word_1_45' title='bbox 161 1047 241 1116; x_wconf 89' lang='lat' dir='ltr'><strong>citnr</strong></span> <span class='ocrx_word' id='word_1_46' title='bbox 262 1071 333 1119; x_wconf 89' lang='lat' dir='ltr'><strong>csse</strong></span> <span class='ocrx_word' id='word_1_47' title='bbox 353 1047 552 1130; x_wconf 89' lang='lat' dir='ltr'><strong>constitutus,</strong></span> <span class='ocrx_word' id='word_1_48' title='bbox 576 1049 726 1144; x_wconf 90' lang='lat' dir='ltr'><strong>quoniam</strong></span> <span class='ocrx_word' id='word_1_49' title='bbox 747 1075 814 1120; x_wconf 92' lang='lat' dir='ltr'><strong>uon</strong></span> <span class='ocrx_word' id='word_1_50' title='bbox 835 1049 874 1118; x_wconf 88' lang='lat' dir='ltr'><strong>de</strong></span> <span class='ocrx_word' id='word_1_51' title='bbox 893 1049 953 1137; x_wconf 88' lang='lat' dir='ltr'><strong>his,</strong></span> <span class='ocrx_word' id='word_1_52' title='bbox 975 1051 1029 1145; x_wconf 89' lang='lat' dir='ltr'><strong>qui</strong></span> <span class='ocrx_word' id='word_1_53' title='bbox 1046 1078 1137 1150; x_wconf 82' lang='lat' dir='ltr'><strong>prae·</strong></span> <span class='ocrx_word' id='word_1_54' title='bbox 1182 1059 1185 1066; x_wconf 80' lang='lat'>&#39;</span> 
     </span>
     <span class='ocr_line' id='line_1_8' title="bbox 162 1157 1136 1250; baseline 0.011 -24"><span class='ocrx_word' id='word_1_55' title='bbox 162 1157 256 1228; x_wconf 88' lang='lat' dir='ltr'><strong>dicati</strong></span> <span class='ocrx_word' id='word_1_56' title='bbox 278 1157 328 1225; x_wconf 90' lang='lat' dir='ltr'><strong>vel</strong></span> <span class='ocrx_word' id='word_1_57' title='bbox 350 1159 482 1250; x_wconf 86' lang='lat' dir='ltr'><strong>subjecti</strong></span> <span class='ocrx_word' id='word_1_58' title='bbox 506 1176 580 1228; x_wconf 90' lang='lat' dir='ltr'><strong>sunt</strong></span> <span class='ocrx_word' id='word_1_59' title='bbox 601 1160 752 1244; x_wconf 89' lang='lat' dir='ltr'><strong>terminis,</strong></span> <span class='ocrx_word' id='word_1_60' title='bbox 775 1163 918 1247; x_wconf 88' lang='lat' dir='ltr'><strong>sumitur,</strong></span> <span class='ocrx_word' id='word_1_61' title='bbox 940 1165 999 1234; x_wconf 90' lang='lat' dir='ltr'><strong>sed</strong></span> <span class='ocrx_word' id='word_1_62' title='bbox 1020 1166 1061 1234; x_wconf 87' lang='lat' dir='ltr'><strong>ab</strong></span> <span class='ocrx_word' id='word_1_63' title='bbox 1084 1193 1136 1236; x_wconf 86' lang='lat' dir='ltr'><strong>ex·</strong></span> 
     </span>
     <span class='ocr_line' id='line_1_9' title="bbox 161 1269 1135 1363; baseline 0.005 -23"><span class='ocrx_word' id='word_1_64' title='bbox 161 1269 316 1340; x_wconf 83' lang='lat' dir='ltr'>trinsecus</span> <span class='ocrx_word' id='word_1_65' title='bbox 334 1269 440 1363; x_wconf 90' lang='lat' dir='ltr'><strong>posito</strong></span> <span class='ocrx_word' id='word_1_66' title='bbox 462 1269 579 1362; x_wconf 87' lang='lat' dir='ltr'><strong>judicio</strong></span> <span class='ocrx_word' id='word_1_67' title='bbox 601 1271 697 1340; x_wconf 85' lang='lat' dir='ltr'><strong>venit.</strong></span> <span class='ocrx_word' id='word_1_68' title='bbox 735 1271 821 1340; x_wconf 89' lang='lat' dir='ltr'><strong>Hinc</strong></span> <span class='ocrx_word' id='word_1_69' title='bbox 843 1273 938 1356; x_wconf 86' lang='lat' dir='ltr'><strong>etiam</strong></span> <span class='ocrx_word' id='word_1_70' title='bbox 957 1276 1135 1346; x_wconf 87' lang='lat' dir='ltr'><strong>inartificia-</strong></span> 
     </span>
     <span class='ocr_line' id='line_1_10' title="bbox 160 1364 1136 1482; baseline 0.009 -33"><span class='ocrx_word' id='word_1_71' title='bbox 160 1381 199 1450; x_wconf 91' lang='lat' dir='ltr'><strong>lis</strong></span> <span class='ocrx_word' id='word_1_72' title='bbox 221 1396 253 1450; x_wconf 91' lang='lat' dir='ltr'><strong>et</strong></span> <span class='ocrx_word' id='word_1_73' title='bbox 275 1405 395 1474; x_wconf 83' lang='lat' dir='ltr'><strong>expers,</strong></span> <span class='ocrx_word' id='word_1_74' title='bbox 416 1380 469 1462; x_wconf 87' lang='lat' dir='ltr'><strong>ait,</strong></span> <span class='ocrx_word' id='word_1_75' title='bbox 492 1396 632 1463; x_wconf 89' lang='lat' dir='ltr'><strong>vocatur,</strong></span> <span class='ocrx_word' id='word_1_76' title='bbox 655 1381 805 1476; x_wconf 80' lang='lat' dir='ltr'><strong>quoniam</strong></span> <span class='ocrx_word' id='word_1_77' title='bbox 821 1383 895 1454; x_wconf 90' lang='lat' dir='ltr'><strong>hinc</strong></span> <span class='ocrx_word' id='word_1_78' title='bbox 909 1410 975 1454; x_wconf 90' lang='lat' dir='ltr'><strong>uon</strong></span> <span class='ocrx_word' id='word_1_79' title='bbox 992 1364 1052 1454; x_wconf 80' lang='lat' dir='ltr'><strong>sibi</strong></span> <span class='ocrx_word' id='word_1_80' title='bbox 1067 1388 1136 1482; x_wconf 82' lang='lat' dir='ltr'><strong>ipse‘</strong></span> 
     </span>
     <span class='ocr_line' id='line_1_11' title="bbox 162 1492 1136 1592; baseline 0.005 -30"><span class='ocrx_word' id='word_1_81' title='bbox 162 1492 287 1562; x_wconf 86' lang='lat' dir='ltr'><strong>conficit</strong></span> <span class='ocrx_word' id='word_1_82' title='bbox 301 1507 521 1583; x_wconf 77' lang='lat' dir='ltr'><strong>argumentum</strong></span> <span class='ocrx_word' id='word_1_83' title='bbox 536 1509 652 1576; x_wconf 86' lang='lat' dir='ltr'><strong>orator,</strong></span> <span class='ocrx_word' id='word_1_84' title='bbox 674 1492 732 1561; x_wconf 89' lang='lat' dir='ltr'><strong>sed</strong></span> <span class='ocrx_word' id='word_1_85' title='bbox 751 1495 945 1588; x_wconf 84' lang='lat' dir='ltr'><strong>praeparatis</strong></span> <span class='ocrx_word' id='word_1_86' title='bbox 959 1496 1136 1592; x_wconf 89' lang='lat' dir='ltr'><strong>positisque</strong></span> 
     </span>
     <span class='ocr_line' id='line_1_12' title="bbox 161 1601 1136 1691; baseline 0.008 -21"><span class='ocrx_word' id='word_1_87' title='bbox 161 1602 258 1672; x_wconf 84' lang='lat' dir='ltr'><strong>utitur</strong></span> <span class='ocrx_word' id='word_1_88' title='bbox 289 1601 487 1672; x_wconf 72' lang='lat' dir='ltr'><strong>testimoniis.</strong></span> <span class='ocrx_word' id='word_1_89' title='bbox 537 1601 637 1691; x_wconf 81' lang='lat' dir='ltr'><strong>Quod</strong></span> <span class='ocrx_word' id='word_1_90' title='bbox 665 1627 741 1672; x_wconf 84' lang='lat' dir='ltr'><strong>vero</strong></span> <span class='ocrx_word' id='word_1_91' title='bbox 769 1603 873 1672; x_wconf 81' lang='lat' dir='ltr'><strong>dixisti</strong></span> <span class='ocrx_word' id='word_1_92' title='bbox 901 1604 933 1673; x_wconf 91' lang='lat' dir='ltr'><strong>in</strong></span> <span class='ocrx_word' id='word_1_93' title='bbox 960 1607 1136 1679; x_wconf 84' lang='lat' dir='ltr'><strong>rationibus</strong></span> 
     </span>
     <span class='ocr_line' id='line_1_13' title="bbox 162 1711 1136 1812; baseline 0.008 -32"><span class='ocrx_word' id='word_1_94' title='bbox 162 1739 293 1808; x_wconf 90' lang='lat' dir='ltr'><strong>quoque</strong></span> <span class='ocrx_word' id='word_1_95' title='bbox 322 1711 539 1782; x_wconf 84' lang='lat' dir='ltr'><strong>discernendis</strong></span> <span class='ocrx_word' id='word_1_96' title='bbox 561 1714 626 1783; x_wconf 87' lang='lat' dir='ltr'><strong>sive</strong></span> <span class='ocrx_word' id='word_1_97' title='bbox 650 1716 884 1806; x_wconf 76' lang='lat' dir='ltr'><strong>cognoscendis</strong></span> <span class='ocrx_word' id='word_1_98' title='bbox 906 1742 1136 1812; x_wconf 90' lang='lat' dir='ltr'><strong>nonuunquam</strong></span> 
     </span>
     <span class='ocr_line' id='line_1_14' title="bbox 154 1822 1135 1920; baseline 0.006 -26"><span class='ocrx_word' id='word_1_99' title='bbox 154 1825 274 1909; x_wconf 82' lang='lat' dir='ltr'><strong>errari,</strong></span> <span class='ocrx_word' id='word_1_100' title='bbox 303 1849 411 1893; x_wconf 90' lang='lat' dir='ltr'><strong>verum</strong></span> <span class='ocrx_word' id='word_1_101' title='bbox 436 1822 544 1918; x_wconf 90' lang='lat' dir='ltr'><strong>utiquc</strong></span> <span class='ocrx_word' id='word_1_102' title='bbox 574 1839 623 1893; x_wconf 87' lang='lat' dir='ltr'><strong>est</strong></span> <span class='ocrx_word' id='word_1_103' title='bbox 644 1839 738 1918; x_wconf 88' lang='lat' dir='ltr'><strong>atque</strong></span> <span class='ocrx_word' id='word_1_104' title='bbox 760 1823 924 1920; x_wconf 85' lang='lat' dir='ltr'><strong>liquidum.</strong></span> <span class='ocrx_word' id='word_1_105' title='bbox 984 1828 1050 1897; x_wconf 85' lang='lat' dir='ltr'><strong>Sed</strong></span> <span class='ocrx_word' id='word_1_106' title='bbox 1071 1830 1135 1900; x_wconf 90' lang='lat' dir='ltr'><strong>hoc</strong></span> 
     </span>
     <span class='ocr_line' id='line_1_15' title="bbox 163 1929 1121 2032; baseline 0.004 -27"><span class='ocrx_word' id='word_1_107' title='bbox 163 1935 209 2006; x_wconf 86' lang='lat' dir='ltr'><strong>eis</strong></span> <span class='ocrx_word' id='word_1_108' title='bbox 231 1933 348 2005; x_wconf 83' lang='lat' dir='ltr'><strong>accidit</strong></span> <span class='ocrx_word' id='word_1_109' title='bbox 369 1933 565 2017; x_wconf 88' lang='lat' dir='ltr'><strong>homiuibus,</strong></span> <span class='ocrx_word' id='word_1_110' title='bbox 593 1932 647 2028; x_wconf 90' lang='lat' dir='ltr'><strong>qui</strong></span> <span class='ocrx_word' id='word_1_111' title='bbox 675 1933 837 2004; x_wconf 84' lang='lat' dir='ltr'><strong>rationalis</strong></span> <span class='ocrx_word' id='word_1_112' title='bbox 862 1937 975 2028; x_wconf 87' lang='lat' dir='ltr'><strong>peritia</strong></span> <span class='ocrx_word' id='word_1_113' title='bbox 995 1929 1121 2032; x_wconf 79' lang='lat' dir='ltr'><strong>plniloso</strong></span> 
     </span>
     <span class='ocr_line' id='line_1_16' title="bbox 161 2044 1215 2141; baseline 0 -27"><span class='ocrx_word' id='word_1_114' title='bbox 161 2046 256 2141; x_wconf 80' lang='lat' dir='ltr'><strong>phiec</strong></span> <span class='ocrx_word' id='word_1_115' title='bbox 278 2061 310 2114; x_wconf 91' lang='lat' dir='ltr'><strong>et</strong></span> <span class='ocrx_word' id='word_1_116' title='bbox 328 2059 584 2136; x_wconf 84' lang='lat' dir='ltr'><strong>argumentorum</strong></span> <span class='ocrx_word' id='word_1_117' title='bbox 607 2057 716 2112; x_wconf 89' lang='lat' dir='ltr'><strong>carent</strong></span> <span class='ocrx_word' id='word_1_118' title='bbox 737 2044 944 2130; x_wconf 78' lang='lat' dir='ltr'><strong>discretione3</strong></span> <span class='ocrx_word' id='word_1_119' title='bbox 959 2048 1077 2140; x_wconf 50' lang='lat' dir='ltr'><strong>¹quales</strong></span> <span class='ocrx_word' id='word_1_120' title='bbox 1100 2073 1135 2120; x_wconf 89' lang='lat' dir='ltr'><strong>se</strong></span> <span class='ocrx_word' id='word_1_121' title='bbox 1210 2093 1215 2114; x_wconf 84' lang='grc'><strong>.</strong></span> 
     </span>
     <span class='ocr_line' id='line_1_17' title="bbox 161 2153 1147 2252; baseline 0.002 -26"><span class='ocrx_word' id='word_1_122' title='bbox 161 2156 268 2252; x_wconf 85' lang='lat' dir='ltr'><strong>judaei</strong></span> <span class='ocrx_word' id='word_1_123' title='bbox 288 2153 475 2250; x_wconf 87' lang='lat' dir='ltr'><strong>profitentur</strong></span> <span class='ocrx_word' id='word_1_124' title='bbox 497 2179 577 2240; x_wconf 89' lang='lat' dir='ltr'><strong>esse,</strong></span> <span class='ocrx_word' id='word_1_125' title='bbox 600 2154 654 2249; x_wconf 92' lang='lat' dir='ltr'><strong>qui</strong></span> <span class='ocrx_word' id='word_1_126' title='bbox 675 2179 734 2247; x_wconf 89' lang='lat' dir='ltr'><strong>pro</strong></span> <span class='ocrx_word' id='word_1_127' title='bbox 756 2155 951 2246; x_wconf 82' lang='lat' dir='ltr'><strong>argumentis</strong></span> <span class='ocrx_word' id='word_1_128' title='bbox 974 2158 1066 2250; x_wconf 87' lang='lat' dir='ltr'><strong>signa</strong></span> <span class='ocrx_word' id='word_1_129' title='bbox 1087 2167 1147 2228; x_wconf 64' lang='lat' dir='ltr'><strong>re·&#39;</strong></span> 
     </span>
    </p>
   </div>
   <div class='ocr_carea' id='block_1_5' title="bbox 1 2264 1136 2364">
    <p class='ocr_par' dir='ltr' id='par_1_5' title="bbox 1 2264 1136 2364">
     <span class='ocr_line' id='line_1_18' title="bbox 1 2264 1136 2364; baseline 0 -26"><span class='ocrx_word' id='word_1_130' title='bbox 1 2291 5 2338; x_wconf 77' lang='lat' dir='ltr'><strong>t</strong></span> <span class='ocrx_word' id='word_1_131' title='bbox 99 2335 103 2348; x_wconf 85' lang='grc'><em>,</em></span> <span class='ocrx_word' id='word_1_132' title='bbox 162 2268 305 2364; x_wconf 86' lang='lat' dir='ltr'><strong>quirunt,</strong></span> <span class='ocrx_word' id='word_1_133' title='bbox 327 2281 358 2336; x_wconf 90' lang='lat' dir='ltr'><strong>et</strong></span> <span class='ocrx_word' id='word_1_134' title='bbox 380 2264 559 2360; x_wconf 90' lang='lat' dir='ltr'><strong>quicunque</strong></span> <span class='ocrx_word' id='word_1_135' title='bbox 582 2264 730 2333; x_wconf 90' lang='lat' dir='ltr'><strong>suumin</strong></span> <span class='ocrx_word' id='word_1_136' title='bbox 754 2265 846 2336; x_wconf 87' lang='lat' dir='ltr'><strong>dietis</strong></span> <span class='ocrx_word' id='word_1_137' title='bbox 869 2266 995 2336; x_wconf 84' lang='lat' dir='ltr'><strong>alterius</strong></span> <span class='ocrx_word' id='word_1_138' title='bbox 1017 2270 1136 2363; x_wconf 87' lang='lat' dir='ltr'><strong>praesi-</strong></span> 
     </span>
    </p>
   </div>
   <div class='ocr_carea' id='block_1_6' title="bbox 161 2370 1240 2693">
    <p class='ocr_par' dir='ltr' id='par_1_6' title="bbox 161 2370 1240 2693">
     <span class='ocr_line' id='line_1_19' title="bbox 161 2370 1240 2473; baseline -0.001 -25"><span class='ocrx_word' id='word_1_139' title='bbox 161 2379 248 2448; x_wconf 92' lang='lat' dir='ltr'><strong>dium</strong></span> <span class='ocrx_word' id='word_1_140' title='bbox 269 2393 408 2472; x_wconf 79' lang='lat' dir='ltr'><strong>ponunt3</strong></span> <span class='ocrx_word' id='word_1_141' title='bbox 431 2393 582 2471; x_wconf 86' lang='lat' dir='ltr'><strong>tauquam</strong></span> <span class='ocrx_word' id='word_1_142' title='bbox 604 2375 644 2445; x_wconf 90' lang='lat' dir='ltr'><strong>de</strong></span> <span class='ocrx_word' id='word_1_143' title='bbox 663 2376 848 2447; x_wconf 84' lang='lat' dir='ltr'><strong>auctoritate</strong></span> <span class='ocrx_word' id='word_1_144' title='bbox 871 2377 921 2446; x_wconf 87' lang='lat' dir='ltr'><strong>vel</strong></span> <span class='ocrx_word' id='word_1_145' title='bbox 942 2379 1058 2473; x_wconf 87' lang='lat' dir='ltr'><strong>scripto</strong></span> <span class='ocrx_word' id='word_1_146' title='bbox 1081 2381 1136 2449; x_wconf 87' lang='lat' dir='ltr'><strong>ah·</strong></span> <span class='ocrx_word' id='word_1_147' title='bbox 1234 2370 1240 2386; x_wconf 50' lang='lat'>⁸</span> 
     </span>
     <span class='ocr_line' id='line_1_20' title="bbox 163 2487 1234 2582; baseline -0.002 -22"><span class='ocrx_word' id='word_1_148' title='bbox 163 2489 261 2560; x_wconf 88' lang='lat' dir='ltr'><strong>sentis</strong></span> <span class='ocrx_word' id='word_1_149' title='bbox 283 2487 405 2557; x_wconf 85' lang='lat' dir='ltr'><strong>facilius</strong></span> <span class='ocrx_word' id='word_1_150' title='bbox 427 2487 591 2580; x_wconf 90' lang='lat' dir='ltr'><strong>judicetur,</strong></span> <span class='ocrx_word' id='word_1_151' title='bbox 614 2504 709 2582; x_wconf 86' lang='lat' dir='ltr'><strong>quam</strong></span> <span class='ocrx_word' id='word_1_152' title='bbox 732 2487 772 2556; x_wconf 89' lang='lat' dir='ltr'><strong>de</strong></span> <span class='ocrx_word' id='word_1_153' title='bbox 794 2487 916 2570; x_wconf 67' lang='lat' dir='ltr'><strong>ratione</strong></span> <span class='ocrx_word' id='word_1_154' title='bbox 938 2488 987 2558; x_wconf 89' lang='lat' dir='ltr'><strong>vel</strong></span> <span class='ocrx_word' id='word_1_155' title='bbox 1009 2507 1148 2578; x_wconf 63' lang='lat' dir='ltr'><strong>sentcu·⁴</strong></span> <span class='ocrx_word' id='word_1_156' title='bbox 1227 2533 1234 2544; x_wconf 91' lang='lat'><em>·</em></span> 
     </span>
     <span class='ocr_line' id='line_1_21' title="bbox 162 2595 1136 2693; baseline -0.002 -23"><span class='ocrx_word' id='word_1_157' title='bbox 162 2600 207 2670; x_wconf 93' lang='lat' dir='ltr'><strong>tia</strong></span> <span class='ocrx_word' id='word_1_158' title='bbox 233 2597 410 2693; x_wconf 87' lang='lat' dir='ltr'><strong>praesentis</strong></span> <span class='ocrx_word' id='word_1_159' title='bbox 440 2613 472 2666; x_wconf 91' lang='lat' dir='ltr'><strong>et</strong></span> <span class='ocrx_word' id='word_1_160' title='bbox 498 2596 574 2684; x_wconf 87' lang='lat' dir='ltr'><strong>(sol.</strong></span> <span class='ocrx_word' id='word_1_161' title='bbox 601 2608 655 2669; x_wconf 72' lang='lat' dir='ltr'><strong>tt.</strong></span> <span class='ocrx_word' id='word_1_162' title='bbox 682 2595 744 2684; x_wconf 87' lang='lat' dir='ltr'><strong>R.)</strong></span> <span class='ocrx_word' id='word_1_163' title='bbox 772 2620 885 2668; x_wconf 90' lang='lat' dir='ltr'><strong>sensus</strong></span> <span class='ocrx_word' id='word_1_164' title='bbox 911 2595 995 2688; x_wconf 71' lang='lat' dir='ltr'><strong>illius</strong></span> <span class='ocrx_word' id='word_1_165' title='bbox 1023 2599 1136 2669; x_wconf 89' lang='lat' dir='ltr'><strong>melius</strong></span> 
     </span>
    </p>
   </div>
   <div class='ocr_carea' id='block_1_7' title="bbox 2 2706 1137 2806">
    <p class='ocr_par' dir='ltr' id='par_1_7' title="bbox 2 2706 1137 2806">
     <span class='ocr_line' id='line_1_22' title="bbox 2 2706 1137 2806; baseline 0.004 -31"><span class='ocrx_word' id='word_1_166' title='bbox 2 2748 3 2756; x_wconf 25' lang='grc' dir='ltr'><strong>κ</strong></span> <span class='ocrx_word' id='word_1_167' title='bbox 103 2755 105 2758; x_wconf 95' lang='grc'>-</span> <span class='ocrx_word' id='word_1_168' title='bbox 163 2735 257 2806; x_wconf 91' lang='lat' dir='ltr'><strong>quam</strong></span> <span class='ocrx_word' id='word_1_169' title='bbox 279 2709 368 2778; x_wconf 88' lang='lat' dir='ltr'><strong>istius</strong></span> <span class='ocrx_word' id='word_1_170' title='bbox 390 2707 494 2802; x_wconf 84' lang='lat' dir='ltr'><strong>possit</strong></span> <span class='ocrx_word' id='word_1_171' title='bbox 514 2707 636 2803; x_wconf 91' lang='lat' dir='ltr'><strong>inquiri.</strong></span> <span class='ocrx_word' id='word_1_172' title='bbox 679 2706 767 2776; x_wconf 89' lang='lat' dir='ltr'><strong>Dum</strong></span> <span class='ocrx_word' id='word_1_173' title='bbox 789 2733 880 2790; x_wconf 90' lang='lat' dir='ltr'><strong>vero,</strong></span> <span class='ocrx_word' id='word_1_174' title='bbox 908 2725 1062 2801; x_wconf 90' lang='lat' dir='ltr'><strong>quantum</strong></span> <span class='ocrx_word' id='word_1_175' title='bbox 1085 2735 1137 2778; x_wconf 84' lang='lat' dir='ltr'><strong>va·</strong></span> 
     </span>
    </p>
   </div>
   <div class='ocr_carea' id='block_1_8' title="bbox 152 2815 1239 3245">
    <p class='ocr_par' dir='ltr' id='par_1_8' title="bbox 152 2815 1217 3135">
     <span class='ocr_line' id='line_1_23' title="bbox 162 2815 1217 2913; baseline 0.001 -24"><span class='ocrx_word' id='word_1_176' title='bbox 162 2821 274 2903; x_wconf 87' lang='lat' dir='ltr'><strong>lemos,</strong></span> <span class='ocrx_word' id='word_1_177' title='bbox 297 2819 336 2888; x_wconf 93' lang='lat' dir='ltr'><strong>de</strong></span> <span class='ocrx_word' id='word_1_178' title='bbox 352 2835 462 2888; x_wconf 85' lang='lat' dir='ltr'><strong>nostra</strong></span> <span class='ocrx_word' id='word_1_179' title='bbox 480 2817 605 2888; x_wconf 83' lang='lat' dir='ltr'><strong>solliciti</strong></span> <span class='ocrx_word' id='word_1_180' title='bbox 622 2817 723 2887; x_wconf 89' lang='lat' dir='ltr'><strong>salute</strong></span> <span class='ocrx_word' id='word_1_181' title='bbox 741 2819 837 2888; x_wconf 90' lang='lat' dir='ltr'><strong>deum</strong></span> <span class='ocrx_word' id='word_1_182' title='bbox 853 2818 1053 2912; x_wconf 88' lang='lat' dir='ltr'><strong>inquirimus,</strong></span> <span class='ocrx_word' id='word_1_183' title='bbox 1068 2822 1137 2913; x_wconf 87' lang='lat' dir='ltr'><strong>ejus</strong></span> <span class='ocrx_word' id='word_1_184' title='bbox 1214 2815 1217 2823; x_wconf 49' lang='lat'><strong>¹</strong></span> 
     </span>
     <span class='ocr_line' id='line_1_24' title="bbox 152 2927 1137 3024; baseline -0.002 -24"><span class='ocrx_word' id='word_1_185' title='bbox 152 2932 272 3024; x_wconf 62' lang='lat' dir='ltr'><strong>⁸utique</strong></span> <span class='ocrx_word' id='word_1_186' title='bbox 295 2929 421 3024; x_wconf 83' lang='lat' dir='ltr'><strong>supplet</strong></span> <span class='ocrx_word' id='word_1_187' title='bbox 442 2928 552 3021; x_wconf 87' lang='lat' dir='ltr'><strong>gratia,</strong></span> <span class='ocrx_word' id='word_1_188' title='bbox 574 2928 661 3023; x_wconf 92' lang='lat' dir='ltr'><strong>quod</strong></span> <span class='ocrx_word' id='word_1_189' title='bbox 679 2944 788 2999; x_wconf 89' lang='lat' dir='ltr'><strong>nostra</strong></span> <span class='ocrx_word' id='word_1_190' title='bbox 809 2954 876 2999; x_wconf 90' lang='lat' dir='ltr'><strong>non</strong></span> <span class='ocrx_word' id='word_1_191' title='bbox 898 2927 1014 2997; x_wconf 82' lang='lat' dir='ltr'><strong>sufficit</strong></span> <span class='ocrx_word' id='word_1_192' title='bbox 1029 2955 1137 3023; x_wconf 86' lang='lat' dir='ltr'><strong>opera,</strong></span> 
     </span>
     <span class='ocr_line' id='line_1_25' title="bbox 164 3037 1176 3135; baseline -0.003 -23"><span class='ocrx_word' id='word_1_193' title='bbox 164 3059 195 3112; x_wconf 88' lang='lat' dir='ltr'><strong>et</strong></span> <span class='ocrx_word' id='word_1_194' title='bbox 214 3040 360 3110; x_wconf 78' lang='lat' dir='ltr'><strong>volentes</strong></span> <span class='ocrx_word' id='word_1_195' title='bbox 383 3037 509 3132; x_wconf 81' lang='lat' dir='ltr'><strong>adjuvat</strong></span> <span class='ocrx_word' id='word_1_196' title='bbox 530 3053 564 3108; x_wconf 90' lang='lat' dir='ltr'><strong>ut</strong></span> <span class='ocrx_word' id='word_1_197' title='bbox 584 3039 725 3132; x_wconf 88' lang='lat' dir='ltr'><strong>possint,</strong></span> <span class='ocrx_word' id='word_1_198' title='bbox 754 3039 807 3134; x_wconf 92' lang='lat' dir='ltr'><strong>qui</strong></span> <span class='ocrx_word' id='word_1_199' title='bbox 829 3039 891 3108; x_wconf 86' lang='lat' dir='ltr'><strong>lroc</strong></span> <span class='ocrx_word' id='word_1_200' title='bbox 913 3039 1018 3132; x_wconf 88' lang='lat' dir='ltr'><strong>ipsum</strong></span> <span class='ocrx_word' id='word_1_201' title='bbox 1041 3039 1137 3120; x_wconf 83' lang='lat' dir='ltr'><strong>etiam</strong></span> <span class='ocrx_word' id='word_1_202' title='bbox 1172 3117 1176 3135; x_wconf 31' lang='grc' dir='ltr'><strong>ι</strong></span> 
     </span>
    </p>

    <p class='ocr_par' dir='ltr' id='par_1_9' title="bbox 163 3133 1239 3245">
     <span class='ocr_line' id='line_1_26' title="bbox 163 3133 1239 3245; baseline -0.005 -25"><span class='ocrx_word' id='word_1_203' title='bbox 163 3151 297 3245; x_wconf 88' lang='lat' dir='ltr'><strong>inspirat</strong></span> <span class='ocrx_word' id='word_1_204' title='bbox 312 3165 347 3217; x_wconf 88' lang='lat' dir='ltr'><strong>ut</strong></span> <span class='ocrx_word' id='word_1_205' title='bbox 367 3147 469 3216; x_wconf 75' lang='lat' dir='ltr'><strong>velut.</strong></span> <span class='ocrx_word' id='word_1_206' title='bbox 506 3147 549 3215; x_wconf 87' lang='lat' dir='ltr'><strong>Et</strong></span> <span class='ocrx_word' id='word_1_207' title='bbox 571 3147 625 3243; x_wconf 90' lang='lat' dir='ltr'><strong>qui</strong></span> <span class='ocrx_word' id='word_1_208' title='bbox 647 3171 744 3241; x_wconf 86' lang='lat' dir='ltr'><strong>saepe</strong></span> <span class='ocrx_word' id='word_1_209' title='bbox 766 3149 880 3217; x_wconf 90' lang='lat' dir='ltr'><strong>invitos</strong></span> <span class='ocrx_word' id='word_1_210' title='bbox 904 3148 1007 3229; x_wconf 87' lang='lat' dir='ltr'><strong>trahit,</strong></span> <span class='ocrx_word' id='word_1_211' title='bbox 1028 3133 1135 3218; x_wconf 74' lang='lat' dir='ltr'><strong>volem</strong></span> <span class='ocrx_word' id='word_1_212' title='bbox 1237 3140 1239 3148; x_wconf 63' lang='grc'><em>’</em></span> 
     </span>
    </p>
   </div>
   <div class='ocr_carea' id='block_1_9' title="bbox 164 3257 1248 3352">
    <p class='ocr_par' dir='ltr' id='par_1_10' title="bbox 164 3257 1248 3352">
     <span class='ocr_line' id='line_1_27' title="bbox 164 3257 1248 3352; baseline -0.005 -22"><span class='ocrx_word' id='word_1_213' title='bbox 164 3279 211 3331; x_wconf 91' lang='lat' dir='ltr'><strong>tes</strong></span> <span class='ocrx_word' id='word_1_214' title='bbox 234 3287 301 3332; x_wconf 92' lang='lat' dir='ltr'><strong>non</strong></span> <span class='ocrx_word' id='word_1_215' title='bbox 324 3257 422 3351; x_wconf 87' lang='lat' dir='ltr'><strong>rejicit</strong></span> <span class='ocrx_word' id='word_1_216' title='bbox 445 3273 477 3326; x_wconf 90' lang='lat' dir='ltr'><strong>et</strong></span> <span class='ocrx_word' id='word_1_217' title='bbox 498 3258 609 3326; x_wconf 89' lang='lat' dir='ltr'><strong>nitenti</strong></span> <span class='ocrx_word' id='word_1_218' title='bbox 631 3257 763 3352; x_wconf 86' lang='lat' dir='ltr'><strong>porrigit</strong></span> <span class='ocrx_word' id='word_1_219' title='bbox 784 3258 953 3339; x_wconf 81' lang='lat' dir='ltr'><strong>dexterum,</strong></span> <span class='ocrx_word' id='word_1_220' title='bbox 975 3261 1066 3351; x_wconf 88' lang='lat' dir='ltr'><strong>cujus</strong></span> <span class='ocrx_word' id='word_1_221' title='bbox 1088 3282 1136 3326; x_wconf 87' lang='lat' dir='ltr'><strong>ar·</strong></span> <span class='ocrx_word' id='word_1_222' title='bbox 1246 3275 1248 3288; x_wconf 90' lang='lat'>&#39;</span> 
     </span>
    </p>
   </div>
   <div class='ocr_carea' id='block_1_10' title="bbox 116 3366 1230 3907">
    <p class='ocr_par' dir='ltr' id='par_1_11' title="bbox 116 3366 1230 3907">
     <span class='ocr_line' id='line_1_28' title="bbox 164 3366 1230 3464; baseline -0.001 -25"><span class='ocrx_word' id='word_1_223' title='bbox 164 3397 260 3464; x_wconf 84' lang='lat' dir='ltr'><strong>gnere</strong></span> <span class='ocrx_word' id='word_1_224' title='bbox 288 3366 360 3438; x_wconf 73' lang='lat' dir='ltr'><strong>non&#39;</strong></span> <span class='ocrx_word' id='word_1_225' title='bbox 383 3384 488 3464; x_wconf 91' lang='lat' dir='ltr'><strong>potest</strong></span> <span class='ocrx_word' id='word_1_226' title='bbox 514 3368 747 3460; x_wconf 79' lang='lat' dir='ltr'><strong>negligentiam.</strong></span> <span class='ocrx_word' id='word_1_227' title='bbox 807 3367 858 3437; x_wconf 90' lang='lat' dir='ltr'><strong>Dc</strong></span> <span class='ocrx_word' id='word_1_228' title='bbox 887 3393 950 3463; x_wconf 91' lang='lat' dir='ltr'><strong>quo</strong></span> <span class='ocrx_word' id='word_1_229' title='bbox 979 3393 1037 3438; x_wconf 88' lang='lat' dir='ltr'><strong>vos</strong></span> <span class='ocrx_word' id='word_1_230' title='bbox 1067 3368 1137 3462; x_wconf 88' lang='lat' dir='ltr'><strong>ipsa</strong></span> <span class='ocrx_word' id='word_1_231' title='bbox 1228 3369 1230 3376; x_wconf 70' lang='grc'><em>’</em></span> 
     </span>
     <span class='ocr_line' id='line_1_29' title="bbox 164 3477 1138 3576; baseline -0.002 -26"><span class='ocrx_word' id='word_1_232' title='bbox 164 3506 261 3576; x_wconf 87' lang='lat' dir='ltr'><strong>quam</strong></span> <span class='ocrx_word' id='word_1_233' title='bbox 284 3480 385 3549; x_wconf 88' lang='lat' dir='ltr'><strong>dicitis</strong></span> <span class='ocrx_word' id='word_1_234' title='bbox 409 3479 524 3550; x_wconf 85' lang='lat' dir='ltr'><strong>veritas</strong></span> <span class='ocrx_word' id='word_1_235' title='bbox 546 3499 679 3550; x_wconf 76' lang='lat' dir='ltr'><strong>&#39;securos</strong></span> <span class='ocrx_word' id='word_1_236' title='bbox 703 3478 849 3547; x_wconf 87' lang='lat' dir='ltr'><strong>Christus</strong></span> <span class='ocrx_word' id='word_1_237' title='bbox 876 3477 1032 3560; x_wconf 85' lang='lat' dir='ltr'><strong>efficiens,</strong></span> <span class='ocrx_word' id='word_1_238' title='bbox 1062 3505 1138 3548; x_wconf 91' lang='lat' dir='ltr'><strong>con·</strong></span> 
     </span>
     <span class='ocr_line' id='line_1_30' title="bbox 116 3588 1139 3684; baseline -0.002 -25"><span class='ocrx_word' id='word_1_239' title='bbox 116 3613 121 3624; x_wconf 86' lang='lat'>&#39;</span> <span class='ocrx_word' id='word_1_240' title='bbox 164 3615 243 3684; x_wconf 77' lang='lat' dir='ltr'><strong>grus</strong></span> <span class='ocrx_word' id='word_1_241' title='bbox 271 3588 471 3658; x_wconf 89' lang='lat' dir='ltr'><strong>similitudine</strong></span> <span class='ocrx_word' id='word_1_242' title='bbox 499 3590 676 3684; x_wconf 86' lang='lat' dir='ltr'><strong>praemissa</strong></span> <span class='ocrx_word' id='word_1_243' title='bbox 702 3590 866 3660; x_wconf 87' lang='lat' dir='ltr'><strong>subintulit</strong></span> <span class='ocrx_word' id='word_1_244' title='bbox 885 3599 922 3676; x_wconf 83' lang='lat'><strong>²).</strong></span> <span class='ocrx_word' id='word_1_245' title='bbox 974 3588 1079 3658; x_wconf 87' lang='lat' dir='ltr'><strong>Petite</strong></span> <span class='ocrx_word' id='word_1_246' title='bbox 1108 3605 1139 3657; x_wconf 91' lang='lat' dir='ltr'><strong>et</strong></span> 
     </span>
     <span class='ocr_line' id='line_1_31' title="bbox 164 3685 1138 3794; baseline -0.003 -25"><span class='ocrx_word' id='word_1_247' title='bbox 164 3685 335 3794; x_wconf 82' lang='lat' dir='ltr'><strong>accipietis,</strong></span> <span class='ocrx_word' id='word_1_248' title='bbox 357 3699 496 3793; x_wconf 86' lang='lat' dir='ltr'><strong>quaerite</strong></span> <span class='ocrx_word' id='word_1_249' title='bbox 513 3715 544 3769; x_wconf 92' lang='lat' dir='ltr'><strong>et</strong></span> <span class='ocrx_word' id='word_1_250' title='bbox 557 3700 734 3784; x_wconf 88' lang='lat' dir='ltr'><strong>invenietis,</strong></span> <span class='ocrx_word' id='word_1_251' title='bbox 755 3698 879 3794; x_wconf 84' lang='lat' dir='ltr'><strong>pulsate</strong></span> <span class='ocrx_word' id='word_1_252' title='bbox 895 3715 935 3768; x_wconf 87' lang='lat' dir='ltr'><strong>et.</strong></span> <span class='ocrx_word' id='word_1_253' title='bbox 951 3724 978 3771; x_wconf 92' lang='lat' dir='ltr'><strong>a.</strong></span> <span class='ocrx_word' id='word_1_254' title='bbox 991 3726 1020 3768; x_wconf 89' lang='lat' dir='ltr'><strong>v.</strong></span> <span class='ocrx_word' id='word_1_255' title='bbox 1057 3697 1138 3766; x_wconf 90' lang='lat' dir='ltr'><strong>Oru-</strong></span> 
     </span>
     <span class='ocr_line' id='line_1_32' title="bbox 163 3810 1138 3907; baseline 0 -29"><span class='ocrx_word' id='word_1_256' title='bbox 163 3811 212 3878; x_wconf 89' lang='lat' dir='ltr'><strong>nis</strong></span> <span class='ocrx_word' id='word_1_257' title='bbox 229 3810 324 3894; x_wconf 91' lang='lat' dir='ltr'><strong>enim,</strong></span> <span class='ocrx_word' id='word_1_258' title='bbox 348 3811 403 3904; x_wconf 80' lang='lat' dir='ltr'><strong>qui</strong></span> <span class='ocrx_word' id='word_1_259' title='bbox 421 3811 509 3905; x_wconf 86' lang='lat' dir='ltr'><strong>petit,</strong></span> <span class='ocrx_word' id='word_1_260' title='bbox 525 3811 688 3906; x_wconf 82' lang='lat' dir='ltr'><strong>accipitet</strong></span> <span class='ocrx_word' id='word_1_261' title='bbox 706 3812 838 3907; x_wconf 88' lang='lat' dir='ltr'><strong>quaerit,</strong></span> <span class='ocrx_word' id='word_1_262' title='bbox 860 3810 989 3880; x_wconf 88' lang='lat' dir='ltr'><strong>invenit.</strong></span> <span class='ocrx_word' id='word_1_263' title='bbox 1011 3825 1053 3878; x_wconf 78' lang='lat' dir='ltr'><strong>et.</strong></span> <span class='ocrx_word' id='word_1_264' title='bbox 1063 3835 1095 3903; x_wconf 90' lang='lat' dir='ltr'><strong>p.</strong></span> <span class='ocrx_word' id='word_1_265' title='bbox 1107 3833 1138 3878; x_wconf 82' lang='lat' dir='ltr'><strong>a.</strong></span> 
     </span>
    </p>
   </div>
   <div class='ocr_carea' id='block_1_11' title="bbox 164 3964 361 3980">
    <p class='ocr_par' dir='ltr' id='par_1_12' title="bbox 164 3964 361 3980">
     <span class='ocr_line' id='line_1_33' title="bbox 164 3964 361 3980; baseline 0 -2"><span class='ocrx_word' id='word_1_266' title='bbox 164 3964 361 3980; x_wconf 47' lang='lat' dir='ltr'><strong>*nu—-</strong></span> 
     </span>
    </p>
   </div>
   <div class='ocr_carea' id='block_1_12' title="bbox 181 4011 463 4119">
    <p class='ocr_par' dir='ltr' id='par_1_13' title="bbox 181 4011 463 4119">
     <span class='ocr_line' id='line_1_34' title="bbox 181 4011 463 4119; baseline 0.011 -18"><span class='ocrx_word' id='word_1_267' title='bbox 181 4046 214 4119; x_wconf 87' lang='lat'><strong>1)</strong></span> <span class='ocrx_word' id='word_1_268' title='bbox 232 4043 318 4104; x_wconf 64' lang='lat' dir='ltr'><strong>uisu</strong></span> <span class='ocrx_word' id='word_1_269' title='bbox 335 4045 441 4116; x_wconf 82' lang='lat' dir='ltr'><strong>v11‚.t.</strong></span> <span class='ocrx_word' id='word_1_270' title='bbox 458 4011 463 4018; x_wconf 36' lang='lat'>¹</span> 
     </span>
    </p>
   </div>
   <div class='ocr_carea' id='block_1_13' title="bbox 894 4073 946 4206">
    <p class='ocr_par' dir='ltr' id='par_1_14' title="bbox 894 4073 946 4206">
     <span class='ocr_line' id='line_1_35' title="bbox 894 4073 946 4206; baseline 0 -30"><span class='ocrx_word' id='word_1_271' title='bbox 894 4073 946 4206; x_wconf 62' lang='lat'><strong>4⁵,</strong></span> 
     </span>
    </p>
   </div>
   <div class='ocr_carea' id='block_1_14' title="bbox 0 0 1408 4486">
    <p class='ocr_par' dir='ltr' id='par_1_15' title="bbox 0 0 1408 4486">
     <span class='ocr_line' id='line_1_36' title="bbox 0 0 1408 4486; baseline 0 0"><span class='ocrx_word' id='word_1_272' title='bbox 0 0 1408 4486; x_wconf 95' lang='lat' dir='ltr'><strong> </strong></span> 
     </span>
    </p>
   </div>
  </div>
 </body>
</html>
