2740 4486
126 447 234 502 autem
254 437 359 519 liber,
377 439 414 505 'id
436 449 505 517 est,
529 441 601 504 rinc
624 440 799 528 conjugio,
822 461 865 504 no
879 421 1021 524 accipias
1033 461 1117 507 uxo-

123 571 210 627 rum,
233 553 261 614 si
284 552 333 614 vis
358 571 433 615 ease
454 550 550 616 liber.

209 659 291 728 'Pria
313 641 497 728 sunt'bona
524 665 689 748 conjugii,
718 661 821 741 tides,
849 662 978 746 proles,
1008 638 1118 729 sacrd-

123 787 278 839 meutum.
322 776 443 853 Fides,
472 797 537 840 nou
566 775 748 853 catholica,
781 777 841 840 scd
869 779 977 856 pactio
1004 781 1118 863 conju-

123 877 228 972 guliS,
252 889 355 970 quod,
389 890 540 972 quamdiu
563 891 703 967 vixerit,
737 911 808 953 cum
838 888 905 954 alia
934 912 999 955 non
1030 914 1117 956 com·

109 1002 309 1066 'misceatun
355 1000 493 1080 Proles,
516 1014 553 1067 ut
574 1015 745 1085 susceptus
762 1001 851 1066 filius
867 1003 1026 1089 religiose
1040 1002 1118 1070 edu·

126 1126 234 1191 cetur,
259 1126 292 1178 et
313 1126 366 1178 cst
387 1116 429 1178 ad
451 1116 620 1194 decorem,
644 1127 680 1179 ιιι
701 1115 786 1198 quod
808 1115 854 1178 ibi
876 1137 934 1197 per
952 1129 1118 1197 peecatum
1143 1111 1147 1128 '

125 1207 331 1294 commissum
355 1239 424 1306 est,
446 1226 588 1292 filiorum
610 1227 716 1292 fructu
737 1241 1013 1308 recompensetur.
1056 1229 1117 1294 Sa-

15 1396 20 1414 ,
125 1354 322 1409 crumentum
345 1353 396 1410 est
420 1339 544 1405 Christi
564 1353 597 1404 ct
618 1341 802 1418 ecclesiae,
833 1343 908 1423 quia
930 1344 1014 1405 sicut
1034 1362 1119 1408 uxor

124 1454 219 1516 unius
248 1456 310 1518 viri
340 1465 372 1518 et
401 1455 451 1516 vir
479 1448 573 1517 unius
601 1456 734 1532 uxoris,
767 1456 815 1517 sic
846 1453 996 1519 Christus
1023 1460 1119 1524 unius

125 1587 288 1647 sponsae,
315 1567 441 1646 idest,
471 1565 633 1630 ecclesiae
663 1588 802 1650 sponsus
832 1580 883 1632 est
914 1581 948 1632 ει
976 1567 1119 1636 ecclesia

125 1681 220 1744 unius
244 1681 374 1760 sponsi,
396 1680 431 1742 id
455 1691 524 1757 est,
547 1678 669 1743 Christi
692 1701 825 1761 sponsa.

211 1791 406 1872 Quaeritur,
435 1798 464 1858 si
485 1795 571 1858 inter
593 1793 745 1858 infideles
768 1797 871 1876 possit
900 1817 975 1858 esse
1004 1796 1118 1879 conju-

124 1905 223 1990 gium.
255 1907 371 1971 Potest
382 1907 504 1988 utique.
527 1903 622 1969 Unde
635 1905 779 1976 Joanues
793 1904 1115 2002 Chrysostonrus²⁷):

125 2019 201 2088 Non
222 2018 303 2084 licet
331 2018 394 2112 tibi
422 2018 543 2082 habere
570 2041 707 2084 uxorem
731 2019 841 2082 fratris
870 2020 929 2080 tui.
973 2017 1118 2087 Joa'nnes

15 2181 18 2187 .
100 2134 221 2212 dicit,
245 2132 331 2216 quod
353 2132 544 2197 adulterium
575 2145 663 2211 erat,
694 2146 727 2194 et
748 2135 796 2196 sic
818 2133 1016 2216 conjugium.
1051 2123 1118 2200 Sed

126 2251 317 2329 opponitur,
350 2269 465 2326 omne,
495 2248 581 2329 quod
607 2267 672 2310 non
696 2258 746 2310 est
769 2268 810 2309 ex
831 2245 920 2324 fide,
949 2261 1117 2329 peccatum

68 2339 72 2348 ⁴
125 2349 188 2425 e'st.
221 2361 287 2425 Sed
302 2358 551 2445 intelligendum
571 2373 633 2435 est,
656 2357 741 2441 quod
763 2379 827 2422 non
851 2371 903 2422 est
924 2381 966 2422 ex
984 2359 1062 2439 fide,
1083 2363 1118 2428 id

126 2488 195 2554 est,
230 2473 314 2560 quod
349 2485 462 2537 contra
493 2449 756 2538 conscientiam(
795 2469 891 2545 erud
920 2475 1119 2538 conscientia

125 2601 265 2653 testatur
286 2573 406 2656 malum
428 2611 520 2667 esse,
555 2589 657 2670 iilud,
692 2591 721 2652 si
750 2587 1027 2668 fiat‚,peceatum
1056 2602 1119 2654 est.
1200 2577 1204 2584 ⁸

125 2703 325 2787 Augustinus
359 2701 456 2774 dicit,
490 2701 575 2784 quod
604 2702 791 2786 conjugium
822 2699 940 2764 bonum
970 2701 1119 2766 naturale

129 2826 197 2890 cst,
222 2814 307 2896 quod
330 2813 519 2877 diffunditur
539 2815 626 2876 inter
648 2830 781 2891 omnes,
817 2813 1024 2878 etiaminter
1044 2811 1119 2877 inst-

128 2924 234 2988 deles·
277 2923 358 2986 Item
381 2925 568 3008 conjugium
589 2927 746 2988 est'i-nter
765 2923 881 2987 fideles
904 2935 936 2986 ct
953 2924 1117 2990 infideles.

44 3047 49 3056 '
126 3040 228 3106 tinae
244 3036 441 3118 Apostolus:
472 3037 500 3101 si
524 3039 593 3120 quis
616 3036 725 3101 fidelis
749 3036 896 3100 habuerit
917 3056 1051 3102 uxorem
1069 3038 1119 3100 in·

126 3151 259 3218 fidelem
287 3149 434 3214 ethaeo
465 3151 627 3212 consentit
658 3147 806 3224 habitare
839 3169 909 3212 cnm
944 3147 1023 3225 illo,
1053 3169 1118 3214 non

126 3265 266 3330 dimittat
289 3283 372 3326 eum.
397 3249 402 3256 ¹
419 3260 624 3326 Christianus
644 3263 741 3324 etiam
757 3259 916 3324 Judaeum
935 3272 1048 3358 posset
1062 3261 1119 3324 du·
1198 3296 1205 3309 ι

127 3399 220 3455 cere,
244 3379 272 3442 si
294 3379 553 3458 recompensatio
571 3374 648 3437 inde
666 3387 868 3456 sequeretur.

131 3557 134 3562 ,
219 3490 373 3555 Diximus
398 3492 546 3570 superius
579 3509 737 3552 summam
769 3486 885 3550 salutis
917 3487 949 3549 in
981 3485 1033 3550 his
1061 3487 1120 3548 tri·

87 3607 89 3617 ¹
127 3604 201 3684 bus,
220 3603 348 3670 scilicet
369 3601 434 3668 fide
457 3615 491 3665 et
512 3612 718 3666 sacramento
741 3612 775 3664 et
797 3603 932 3664 caritate
956 3611 1119 3666 constare.

125 3714 221 3795 Nunc
249 3716 289 3780 de
319 3715 465 3792 duobus,
499 3714 565 3779 fide
596 3725 629 3777 ct
660 3724 885 3790 sacramento,
915 3711 1119 3776 sufficienter

127 3832 301 3912 expedito,
338 3831 379 3893 de
410 3831 528 3906 tertio,
568 3831 725 3904 caritate,
762 3825 878 3921 aurudo
907 3824 1119 3888 disseramus.

128 3941 278 4024 Caritas,
308 3952 467 4024 utsupra
495 3941 657 4025 diximus,
688 3949 741 4005 est
762 3957 853 4034 emor
882 3935 1059 4034 honestus,
1087 3935 1121 4002 id
