2740 4486
1065 273 1367 404 17·‘'

103 445 234 540 judicia
255 465 312 520 tna
334 454 474 540 abyssus
496 448 610 518 malta.
649 447 738 528 Quia
757 449 808 516 sic
830 448 951 515 dictum
973 429 1038 528 est,
1059 465 1115 513 aa·

20 591 24 602 ·
106 568 255 650 pientiae
279 581 332 634 est
350 562 522 653 judicare,
543 568 577 632 id
601 577 653 632 cst
674 563 760 649 quod
785 564 977 648 exjustitia
998 563 1116 648 cuique

108 680 278 762 debeatur,
302 703 497 769 agnoscere.
542 679 710 744 Christum
730 677 797 744 Dei
818 679 972 744 virtutem
1006 687 1040 742 et
1060 697 1117 744 sa·

107 797 266 877 pientiam
302 794 473 879 apostolos
510 773 670 868 nominat.
723 790 894 875 Sapientia
925 813 985 874 per
1019 809 1117 880 quam

111 909 220 973 ononia
243 908 284 971 acl
306 911 470 994 integrum
499 909 609 987 novit,
641 910 794 971 virtutem
830 926 907 969 vero
939 924 1117 989 perquam

109 1024 253 1086 omnium
275 1022 435 1087 bonorum
459 1021 611 1086 efficacia
641 1019 795 1103 complet.
840 1017 937 1084 Unde
960 1020 1116 1102 scriptum

109 1143 176 1210 eit:
212 1133 335 1199 Omnia
355 1156 414 1218 per
436 1138 542 1217 ipsum
564 1136 654 1200 facta
676 1145 764 1197 sunt.
809 1132 852 1197 Et
874 1131 974 1200 alibi:
1005 1134 1116 1198 omnia

65 1315 70 1324 ¹
109 1249 144 1311 in
167 1248 329 1329 sapientia
351 1239 484 1327 fecisti,
512 1247 598 1312 unde
631 1247 803 1312 et-dextra
825 1247 897 1310 sive
919 1266 1035 1311 manus
1056 1267 1117 1330 pa·

109 1361 169 1422 tris
192 1358 394 1442 appellatur,
417 1381 476 1443 per
498 1381 594 1444 quam
615 1370 710 1442 pater
733 1361 843 1424 omnia
866 1371 1037 1443 operatur,
1060 1360 1117 1444 qui

108 1487 142 1537 et
157 1473 241 1538 bene
257 1494 350 1538 mens
373 1478 488 1556 patris,
513 1475 705 1552 sincratio,
728 1475 801 1538 siva
824 1471 963 1560 angelus
985 1471 1117 1540 consilii

9 1585 10 1588 ’
41 1635 47 1644 .
108 1586 215 1652 dictus
239 1600 310 1667 est,
333 1590 411 1671 quia
433 1590 467 1653 in
491 1587 554 1651 hac
575 1588 739 1667 sapientia
760 1585 1004 1651 rationabiliter
1022 1596 1118 1670 pater

110 1701 218 1765 omnia
242 1702 406 1783 disponit,
432 1703 503 1765 sive
524 1700 679 1765 mundum
702 1700 857 1779 creando,
880 1687 952 1763 siva
975 1701 1117 1766 eundem

111 1812 239 1894 lapsum
263 1814 466 1896 reparando,
494 1825 528 1878 et
549 1815 584 1877 in
606 1811 670 1876 hoc
691 1825 785 1896 pater
806 1835 921 1900 verum
942 1814 1117 1880 consilium

1 1975 2 1978 ,
110 1925 1117 2012 nostraeignorantiaededit,ipuumejus'rcarnationosvisiss
1155 1961 1162 1982 ι
1196 1971 1200 1987 .

109 2041 205 2105 tavit.
248 2041 364 2126 Logos
385 2043 497 2123 itaque
520 2061 591 2104 cnm
615 2039 741 2103 dicatur
773 2037 863 2103 filins
886 2038 974 2119 Dei,
1007 2039 1042 2103 itl
1064 2044 1142 2106 est'

1 2198 2 2207 ι
116 2156 261 2237 verbnm,
285 2155 569 2236 secundumillam
592 2156 868 2243 significationem
891 2159 1041 2238 sumitur,
1062 2179 1117 2223 se·

109 2269 248 2333 candum
286 2248 381 2353 quam
411 2268 518 2356 loyor
555 2268 640 2351 apud
673 2267 820 2334 Graecos
851 2271 974 2351 ipsum'
994 2273 1116 2340 mentia

110 2393 302 2465 conceptum
335 2404 395 2446 seu
424 2383 564 2445 rationis
587 2381 772 2468 significat,
803 2403 870 2446 non
891 2383 985 2447 vocis
1005 2383 1117 2465 prola·

108 2495 244 2557 tionem.
282 2491 378 2558 Unde
390 2491 529 2556 Boetius
551 2494 586 2557 in
609 2497 802 2580 categoriis:
826 2497 980 2579 quoniam
994 2515 1116 2582 graeca

109 2607 260 2670 oratione
282 2606 390 2694 λογος
412 2606 532 2671 dicitur
546 2609 654 2671 etiam
674 2608 774 2672 animi
797 2609 957 2696 cogitatio
980 2620 1016 2672 et
1029 2611 1116 2676 intra

110 2740 150 2782 se
171 2720 382 2782 ratiocinatio
396 2725 444 2800 ¹),
468 2741 510 2784 ne
532 2721 606 2801 quis
621 2719 851 2801 Aristotelem,
871 2714 974 2809 [cum]
991 2722 1117 2788 diceret

106 2829 235 2917 λογον,
257 2832 290 2896 id
309 2842 361 2894 est
376 2834 591 2913 (opertionem
606 2855 681 2898 esso
697 2837 926 2918 quantitatem,
943 2835 984 2900 da
1000 2855 1041 2900 eo
1054 2857 1114 2921 pu·

109 2955 195 3008 taret
218 2942 347 3022 dicere,
372 2965 465 3029 quem
488 2947 623 3030 quisque
645 2945 761 3034 λογον
783 2950 817 3013 in
840 2951 1042 3038 cogitatione
1064 2949 1114 3014 di·

107 3070 282 3138 moneret,
319 3058 464 3146 addidit,
501 3081 585 3142 quae
624 3058 663 3124 fit
699 3083 771 3125 cum
806 3081 902 3126 voce.
951 3059 1049 3128 Unda
1080 3072 1116 3127 et

107 3168 224 3235 beatus
261 3173 409 3236 meminit
445 3169 650 3258 Augustinus
688 3175 723 3238 in
764 3171 850 3238 libro
885 3176 1114 3258 quaestionum

107 3279 273 3348 Lxxxl.
302 3302 373 3368 cap.
395 3293 451 3350 44.
494 3283 533 3349 ln
566 3284 746 3368 principio,
780 3287 908 3370 inquit,
941 3298 1012 3354 erat
1040 3309 1115 3353 vet·

106 3393 204 3472 batn,
245 3397 331 3480 quod
369 3418 489 3484 graeco
511 3398 620 3485 lopo5
653 3397 792 3480 dicitur,
832 3398 936 3466 latine
967 3421 1048 3464 vero
1080 3409 1115 3466 et

104 3508 268 3572 rationem
306 3522 339 3572 et
370 3508 504 3576 verbum
533 3509 710 3596 significat.
754 3510 821 3577 set
855 3511 919 3578 hoc
945 3513 1022 3579 loco
1043 3533 1112 3579 mo·

103 3620 169 3687 lius
192 3621 327 3688 verbum
350 3625 530 3706 accipitur,
564 3636 602 3689 ut
623 3623 828 3710 significetur
850 3647 917 3692 non
938 3624 1047 3692 solnm
1068 3626 1113 3694 atl

104 3721 232 3816 patrem
252 3746 445 3819 respectus,
475 3737 536 3800 seu
557 3737 599 3802 al
620 3735 680 3803 illa
702 3739 822 3822 etiam,
852 3761 937 3824 quae
957 3760 1018 3825 per
1037 3759 1113 3806 ver·

101 3844 181 3912 bam
204 3847 404 3915 factasunt.
449 3847 560 3934 Hujus
589 3850 684 3918 verbi
711 3873 778 3919 vox
811 3852 929 3919 dicitur
950 3852 1110 3943 loannes,

102 3961 182 4044 quia
203 3959 339 4037 verbam
361 3963 530 4046 praecedit
552 3965 738 4046 nascendo,
767 3965 1009 4049 praedicando,
1042 3984 1113 4032 mo·

881 4084 902 4142 2
