<?xml version="1.0" encoding="UTF-8"?>
<!DOCTYPE html PUBLIC "-//W3C//DTD XHTML 1.0 Transitional//EN"
    "http://www.w3.org/TR/xhtml1/DTD/xhtml1-transitional.dtd">
<html xmlns="http://www.w3.org/1999/xhtml" xml:lang="en" lang="en">
 <head>
  <title>
</title>
<meta http-equiv="Content-Type" content="text/html;charset=utf-8" />
  <meta name='ocr-system' content='tesseract 3.04.00' />
  <meta name='ocr-capabilities' content='ocr_page ocr_carea ocr_par ocr_line ocrx_word'/>
</head>
<body>
  <div class='ocr_page' id='page_1' title='image "./dialogusinterph00abelgoog_0108.png"; bbox 0 0 2806 4492; ppageno 0'>
   <div class='ocr_carea' id='block_1_1' title="bbox 204 371 1284 916">
    <p class='ocr_par' dir='ltr' id='par_1_1' title="bbox 263 371 1267 691">
     <span class='ocr_line' id='line_1_1' title="bbox 272 371 1267 468; baseline 0.007 -24"><span class='ocrx_word' id='word_1_1' title='bbox 272 371 410 468; x_wconf 74' lang='lat' dir='ltr'>percipit</span> <span class='ocrx_word' id='word_1_2' title='bbox 423 371 581 446; x_wconf 70' lang='lat' dir='ltr'>&#39;amiciens</span> <span class='ocrx_word' id='word_1_3' title='bbox 598 371 745 454; x_wconf 68' lang='lat' dir='ltr'>,beminis</span> <span class='ocrx_word' id='word_1_4' title='bbox 758 373 902 454; x_wconf 78' lang='lat' dir='ltr'>‚dicenda</span> <span class='ocrx_word' id='word_1_5' title='bbox 922 373 975 462; x_wconf 88' lang='lat' dir='ltr'>sit,</span> <span class='ocrx_word' id='word_1_6' title='bbox 998 377 1162 448; x_wconf 81' lang='lat' dir='ltr'>etiterum</span> <span class='ocrx_word' id='word_1_7' title='bbox 1183 381 1267 452; x_wconf 86' lang='lat' dir='ltr'>acci-</span> 
     </span>
     <span class='ocr_line' id='line_1_2' title="bbox 274 483 1284 587; baseline 0.007 -33"><span class='ocrx_word' id='word_1_8' title='bbox 274 483 357 554; x_wconf 89' lang='lat' dir='ltr'>dens</span> <span class='ocrx_word' id='word_1_9' title='bbox 379 483 452 556; x_wconf 86' lang='lat' dir='ltr'>dici</span> <span class='ocrx_word' id='word_1_10' title='bbox 463 484 634 572; x_wconf 83' lang='lat' dir='ltr'>conveniat</span> <span class='ocrx_word' id='word_1_11' title='bbox 654 511 815 560; x_wconf 88' lang='lat' dir='ltr'>summum</span> <span class='ocrx_word' id='word_1_12' title='bbox 832 487 966 574; x_wconf 87' lang='lat' dir='ltr'>bouum,</span> <span class='ocrx_word' id='word_1_13' title='bbox 987 502 1143 586; x_wconf 81' lang='lat' dir='ltr'>tanquam</span> <span class='ocrx_word' id='word_1_14' title='bbox 1159 489 1284 587; x_wconf 89' lang='lat' dir='ltr'>ipsum</span> 
     </span>
     <span class='ocr_line' id='line_1_3' title="bbox 263 593 823 691; baseline 0.007 -30"><span class='ocrx_word' id='word_1_15' title='bbox 263 593 478 666; x_wconf 79' lang='lat' dir='ltr'>substantiae</span> <span class='ocrx_word' id='word_1_16' title='bbox 501 597 544 666; x_wconf 84' lang='lat' dir='ltr'>sit</span> <span class='ocrx_word' id='word_1_17' title='bbox 563 593 823 691; x_wconf 73' lang='lat' dir='ltr'>praeferendum.</span> 
     </span>
    </p>

    <p class='ocr_par' dir='ltr' id='par_1_2' title="bbox 204 673 1264 916">
     <span class='ocr_line' id='line_1_4' title="bbox 362 673 1264 808; baseline 0.012 -35"><span class='ocrx_word' id='word_1_18' title='bbox 362 687 584 777; x_wconf 85' lang='lat' dir='ltr'><strong>Christian.</strong></span> <span class='ocrx_word' id='word_1_19' title='bbox 629 705 714 776; x_wconf 89' lang='lat' dir='ltr'>Cum</span> <span class='ocrx_word' id='word_1_20' title='bbox 746 709 946 780; x_wconf 85' lang='lat' dir='ltr'>accidentia</span> <span class='ocrx_word' id='word_1_21' title='bbox 960 709 1074 807; x_wconf 89' lang='lat' dir='ltr'>eisque</span> <span class='ocrx_word' id='word_1_22' title='bbox 1100 673 1264 808; x_wconf 81' lang='lat' dir='ltr'>subjectas</span> 
     </span>
     <span class='ocr_line' id='line_1_5' title="bbox 204 810 1282 916; baseline 0.003 -25"><span class='ocrx_word' id='word_1_23' title='bbox 204 810 207 826; x_wconf 68' lang='grc'>’</span> <span class='ocrx_word' id='word_1_24' title='bbox 274 818 495 891; x_wconf 83' lang='lat' dir='ltr'>substautias</span> <span class='ocrx_word' id='word_1_25' title='bbox 500 841 539 889; x_wconf 89' lang='lat' dir='ltr'>ac</span> <span class='ocrx_word' id='word_1_26' title='bbox 560 818 769 916; x_wconf 82' lang='lat' dir='ltr'>propheticae</span> <span class='ocrx_word' id='word_1_27' title='bbox 791 820 889 891; x_wconf 87' lang='lat' dir='ltr'>verba</span> <span class='ocrx_word' id='word_1_28' title='bbox 911 820 1078 895; x_wconf 87' lang='lat' dir='ltr'>doctrinae</span> <span class='ocrx_word' id='word_1_29' title='bbox 1101 841 1282 902; x_wconf 85' lang='lat' dir='ltr'>couverte-</span> 
     </span>
    </p>
   </div>
   <div class='ocr_carea' id='block_1_2' title="bbox 273 931 1358 1142">
    <p class='ocr_par' dir='ltr' id='par_1_3' title="bbox 273 931 1358 1142">
     <span class='ocr_line' id='line_1_6' title="bbox 273 931 1273 1029; baseline 0.008 -29"><span class='ocrx_word' id='word_1_30' title='bbox 273 931 336 1018; x_wconf 89' lang='lat' dir='ltr'>ris,</span> <span class='ocrx_word' id='word_1_31' title='bbox 358 943 391 1002; x_wconf 87' lang='lat' dir='ltr'>et</span> <span class='ocrx_word' id='word_1_32' title='bbox 413 955 452 1001; x_wconf 87' lang='lat' dir='ltr'>ea</span> <span class='ocrx_word' id='word_1_33' title='bbox 474 945 614 1015; x_wconf 84' lang='lat' dir='ltr'>tautum,</span> <span class='ocrx_word' id='word_1_34' title='bbox 644 955 727 1029; x_wconf 89' lang='lat' dir='ltr'>quae</span> <span class='ocrx_word' id='word_1_35' title='bbox 750 931 834 1012; x_wconf 84' lang='lat' dir='ltr'>ritae</span> <span class='ocrx_word' id='word_1_36' title='bbox 857 947 1005 1006; x_wconf 79' lang='lat' dir='ltr'>terrenae</span> <span class='ocrx_word' id='word_1_37' title='bbox 1027 961 1096 1006; x_wconf 90' lang='lat' dir='ltr'>nou</span> <span class='ocrx_word' id='word_1_38' title='bbox 1118 935 1273 1008; x_wconf 88' lang='lat' dir='ltr'>coelestis</span> 
     </span>
     <span class='ocr_line' id='line_1_7' title="bbox 276 1040 1358 1142; baseline 0.003 -26"><span class='ocrx_word' id='word_1_39' title='bbox 276 1058 370 1129; x_wconf 88' lang='lat' dir='ltr'>suut,</span> <span class='ocrx_word' id='word_1_40' title='bbox 403 1041 540 1127; x_wconf 86' lang='lat' dir='ltr'>metiris,</span> <span class='ocrx_word' id='word_1_41' title='bbox 572 1040 655 1114; x_wconf 88' lang='lat' dir='ltr'>baec</span> <span class='ocrx_word' id='word_1_42' title='bbox 689 1043 811 1140; x_wconf 83' lang='lat' dir='ltr'>quippe</span> <span class='ocrx_word' id='word_1_43' title='bbox 838 1041 1009 1142; x_wconf 89' lang='lat' dir='ltr'>disciplina</span> <span class='ocrx_word' id='word_1_44' title='bbox 1034 1047 1210 1142; x_wconf 85' lang='lat' dir='ltr'>saecularis</span> <span class='ocrx_word' id='word_1_45' title='bbox 1237 1062 1272 1118; x_wconf 91' lang='lat' dir='ltr'>et</span> <span class='ocrx_word' id='word_1_46' title='bbox 1314 1087 1316 1095; x_wconf 39' lang='grc' dir='ltr'>ι</span> <span class='ocrx_word' id='word_1_47' title='bbox 1356 1085 1358 1088; x_wconf 93' lang='grc'><strong><em>·</em></strong></span> 
     </span>
    </p>
   </div>
   <div class='ocr_carea' id='block_1_3' title="bbox 162 1152 1269 1252">
    <p class='ocr_par' dir='ltr' id='par_1_4' title="bbox 162 1152 1269 1252">
     <span class='ocr_line' id='line_1_8' title="bbox 162 1152 1269 1252; baseline 0.007 -30"><span class='ocrx_word' id='word_1_48' title='bbox 162 1179 167 1188; x_wconf 90' lang='lat'><em>·</em></span> <span class='ocrx_word' id='word_1_49' title='bbox 277 1169 406 1226; x_wconf 89' lang='lat' dir='ltr'>terrena</span> <span class='ocrx_word' id='word_1_50' title='bbox 420 1152 473 1225; x_wconf 91' lang='lat' dir='ltr'>bis</span> <span class='ocrx_word' id='word_1_51' title='bbox 486 1167 611 1223; x_wconf 90' lang='lat' dir='ltr'>tantum</span> <span class='ocrx_word' id='word_1_52' title='bbox 632 1153 836 1226; x_wconf 81' lang='lat' dir='ltr'>documentis</span> <span class='ocrx_word' id='word_1_53' title='bbox 859 1171 1013 1228; x_wconf 88' lang='lat' dir='ltr'>contenta</span> <span class='ocrx_word' id='word_1_54' title='bbox 1035 1157 1161 1242; x_wconf 83' lang='lat' dir='ltr'>exstitit,</span> <span class='ocrx_word' id='word_1_55' title='bbox 1184 1177 1269 1252; x_wconf 85' lang='lat' dir='ltr'>quae</span> 
     </span>
    </p>
   </div>
   <div class='ocr_carea' id='block_1_4' title="bbox 238 1265 1343 1479">
    <p class='ocr_par' dir='ltr' id='par_1_5' title="bbox 238 1265 1343 1479">
     <span class='ocr_line' id='line_1_9' title="bbox 274 1265 1269 1361; baseline 0.004 -27"><span class='ocrx_word' id='word_1_56' title='bbox 274 1265 319 1335; x_wconf 88' lang='lat' dir='ltr'>ad</span> <span class='ocrx_word' id='word_1_57' title='bbox 344 1265 526 1361; x_wconf 87' lang='lat' dir='ltr'>praesentis</span> <span class='ocrx_word' id='word_1_58' title='bbox 554 1265 638 1336; x_wconf 85' lang='lat' dir='ltr'>vitae</span> <span class='ocrx_word' id='word_1_59' title='bbox 666 1280 784 1336; x_wconf 88' lang='lat' dir='ltr'>statum</span> <span class='ocrx_word' id='word_1_60' title='bbox 814 1267 1062 1338; x_wconf 88' lang='lat' dir='ltr'>accommodata</span> <span class='ocrx_word' id='word_1_61' title='bbox 1088 1284 1179 1354; x_wconf 87' lang='lat' dir='ltr'>sunt,</span> <span class='ocrx_word' id='word_1_62' title='bbox 1207 1295 1269 1338; x_wconf 90' lang='lat' dir='ltr'>nec</span> 
     </span>
     <span class='ocr_line' id='line_1_10' title="bbox 238 1375 1343 1479; baseline 0.003 -36"><span class='ocrx_word' id='word_1_63' title='bbox 238 1432 241 1443; x_wconf 73' lang='grc'><strong><em>,</em></strong></span> <span class='ocrx_word' id='word_1_64' title='bbox 274 1375 319 1446; x_wconf 91' lang='lat' dir='ltr'>ad</span> <span class='ocrx_word' id='word_1_65' title='bbox 342 1375 427 1446; x_wconf 85' lang='lat' dir='ltr'>illins</span> <span class='ocrx_word' id='word_1_66' title='bbox 448 1375 576 1446; x_wconf 81' lang='lat' dir='ltr'>futurae</span> <span class='ocrx_word' id='word_1_67' title='bbox 598 1375 682 1446; x_wconf 85' lang='lat' dir='ltr'>vitae</span> <span class='ocrx_word' id='word_1_68' title='bbox 705 1377 906 1474; x_wconf 74' lang='lat' dir='ltr'>qualitatem,</span> <span class='ocrx_word' id='word_1_69' title='bbox 935 1378 969 1447; x_wconf 91' lang='lat' dir='ltr'>in</span> <span class='ocrx_word' id='word_1_70' title='bbox 997 1403 1062 1473; x_wconf 88' lang='lat' dir='ltr'>qua</span> <span class='ocrx_word' id='word_1_71' title='bbox 1087 1405 1149 1450; x_wconf 89' lang='lat' dir='ltr'>nee</span> <span class='ocrx_word' id='word_1_72' title='bbox 1170 1379 1270 1479; x_wconf 74' lang='lat' dir='ltr'>rerba</span> <span class='ocrx_word' id='word_1_73' title='bbox 1340 1439 1343 1446; x_wconf 91' lang='lat'>.</span> 
     </span>
    </p>
   </div>
   <div class='ocr_carea' id='block_1_5' title="bbox 166 1482 1268 1564">
    <p class='ocr_par' dir='ltr' id='par_1_6' title="bbox 166 1482 1268 1564">
     <span class='ocr_line' id='line_1_11' title="bbox 166 1482 1268 1564; baseline 0.013 -14"><span class='ocrx_word' id='word_1_74' title='bbox 166 1541 168 1550; x_wconf 80' lang='grc'>,</span> <span class='ocrx_word' id='word_1_75' title='bbox 234 1520 237 1526; x_wconf 64' lang='grc'><strong>’</strong></span> <span class='ocrx_word' id='word_1_76' title='bbox 273 1487 340 1558; x_wconf 90' lang='lat' dir='ltr'>ista·</span> <span class='ocrx_word' id='word_1_77' title='bbox 363 1513 426 1558; x_wconf 88' lang='lat' dir='ltr'>uec</span> <span class='ocrx_word' id='word_1_78' title='bbox 454 1487 520 1556; x_wconf 87' lang='lat' dir='ltr'>ulla</span> <span class='ocrx_word' id='word_1_79' title='bbox 548 1486 716 1558; x_wconf 89' lang='lat' dir='ltr'>bominum</span> <span class='ocrx_word' id='word_1_80' title='bbox 745 1482 895 1560; x_wconf 87' lang='lat' dir='ltr'>doctrina</span> <span class='ocrx_word' id='word_1_81' title='bbox 923 1489 1040 1559; x_wconf 90' lang='lat' dir='ltr'>artium</span> <span class='ocrx_word' id='word_1_82' title='bbox 1067 1514 1197 1562; x_wconf 86' lang='lat' dir='ltr'>suarum</span> <span class='ocrx_word' id='word_1_83' title='bbox 1218 1516 1268 1564; x_wconf 82' lang='lat' dir='ltr'>rc·</span> 
     </span>
    </p>
   </div>
   <div class='ocr_carea' id='block_1_6' title="bbox 194 1598 1314 2155">
    <p class='ocr_par' dir='ltr' id='par_1_7' title="bbox 246 1598 1282 1808">
     <span class='ocr_line' id='line_1_12' title="bbox 246 1598 1268 1694; baseline 0 -26"><span class='ocrx_word' id='word_1_84' title='bbox 246 1601 249 1610; x_wconf 48' lang='lat'><em>¹</em></span> <span class='ocrx_word' id='word_1_85' title='bbox 273 1599 366 1692; x_wconf 84' lang='lat' dir='ltr'>gulas</span> <span class='ocrx_word' id='word_1_86' title='bbox 394 1598 651 1694; x_wconf 80' lang='lat' dir='ltr'>applicaverunt,</span> <span class='ocrx_word' id='word_1_87' title='bbox 681 1625 754 1668; x_wconf 89' lang='lat' dir='ltr'>cum</span> <span class='ocrx_word' id='word_1_88' title='bbox 781 1626 889 1670; x_wconf 89' lang='lat' dir='ltr'>rerum</span> <span class='ocrx_word' id='word_1_89' title='bbox 914 1601 1188 1694; x_wconf 84' lang='lat' dir='ltr'>investigaverunt</span> <span class='ocrx_word' id='word_1_90' title='bbox 1210 1624 1268 1668; x_wconf 83' lang='lat' dir='ltr'>na·</span> 
     </span>
     <span class='ocr_line' id='line_1_13' title="bbox 272 1709 1282 1808; baseline 0.002 -28"><span class='ocrx_word' id='word_1_91' title='bbox 272 1725 378 1796; x_wconf 84' lang='lat' dir='ltr'>toras,</span> <span class='ocrx_word' id='word_1_92' title='bbox 407 1711 466 1780; x_wconf 91' lang='lat' dir='ltr'>sed</span> <span class='ocrx_word' id='word_1_93' title='bbox 495 1709 586 1780; x_wconf 88' lang='lat' dir='ltr'>sicut</span> <span class='ocrx_word' id='word_1_94' title='bbox 604 1710 760 1806; x_wconf 87' lang='lat' dir='ltr'>scripturn</span> <span class='ocrx_word' id='word_1_95' title='bbox 789 1726 854 1781; x_wconf 86' lang='lat' dir='ltr'>cst:</span> <span class='ocrx_word' id='word_1_96' title='bbox 884 1712 939 1808; x_wconf 92' lang='lat' dir='ltr'>qui</span> <span class='ocrx_word' id='word_1_97' title='bbox 967 1711 1008 1782; x_wconf 89' lang='lat' dir='ltr'>de</span> <span class='ocrx_word' id='word_1_98' title='bbox 1036 1727 1121 1781; x_wconf 87' lang='lat' dir='ltr'>terra</span> <span class='ocrx_word' id='word_1_99' title='bbox 1150 1719 1200 1782; x_wconf 88' lang='lat' dir='ltr'>cst</span> <span class='ocrx_word' id='word_1_100' title='bbox 1226 1710 1282 1782; x_wconf 82' lang='lat' dir='ltr'>de·</span> 
     </span>
    </p>

    <p class='ocr_par' dir='ltr' id='par_1_8' title="bbox 194 1805 1314 2142">
     <span class='ocr_line' id='line_1_14' title="bbox 272 1805 1314 1932; baseline 0.001 -40"><span class='ocrx_word' id='word_1_101' title='bbox 272 1837 363 1892; x_wconf 88' lang='lat' dir='ltr'>terra</span> <span class='ocrx_word' id='word_1_102' title='bbox 383 1819 594 1918; x_wconf 72' lang='lat' dir='ltr'>loquitur1).</span> <span class='ocrx_word' id='word_1_103' title='bbox 569 1821 687 1907; x_wconf 86' lang='lat' dir='ltr'>)si</span> <span class='ocrx_word' id='word_1_104' title='bbox 720 1847 797 1932; x_wconf 67' lang='lat' dir='ltr'>ergo</span> <span class='ocrx_word' id='word_1_105' title='bbox 827 1822 870 1892; x_wconf 88' lang='lat' dir='ltr'>ad</span> <span class='ocrx_word' id='word_1_106' title='bbox 897 1823 978 1893; x_wconf 90' lang='lat' dir='ltr'>illud</span> <span class='ocrx_word' id='word_1_107' title='bbox 1007 1822 1156 1892; x_wconf 90' lang='lat' dir='ltr'>coelestis</span> <span class='ocrx_word' id='word_1_108' title='bbox 1184 1824 1268 1893; x_wconf 87' lang='lat' dir='ltr'>vitae</span> <span class='ocrx_word' id='word_1_109' title='bbox 1310 1805 1314 1844; x_wconf 64' lang='lat'>³</span> 
     </span>
     <span class='ocr_line' id='line_1_15' title="bbox 194 1931 1269 2032; baseline 0.003 -30"><span class='ocrx_word' id='word_1_110' title='bbox 194 1931 199 1939; x_wconf 44' lang='lat'><em>¹</em></span> <span class='ocrx_word' id='word_1_111' title='bbox 232 2009 234 2012; x_wconf 54' lang='grc'><strong>,</strong></span> <span class='ocrx_word' id='word_1_112' title='bbox 260 1933 435 2028; x_wconf 48' lang='lat' dir='ltr'>¹fastigium</span> <span class='ocrx_word' id='word_1_113' title='bbox 456 1932 677 2004; x_wconf 85' lang='lat' dir='ltr'>conscendere</span> <span class='ocrx_word' id='word_1_114' title='bbox 699 1933 811 2006; x_wconf 88' lang='lat' dir='ltr'>niteris</span> <span class='ocrx_word' id='word_1_115' title='bbox 834 1959 928 2032; x_wconf 90' lang='lat' dir='ltr'>quae,</span> <span class='ocrx_word' id='word_1_116' title='bbox 952 1960 1085 2006; x_wconf 88' lang='lat' dir='ltr'>omnem</span> <span class='ocrx_word' id='word_1_117' title='bbox 1106 1949 1269 2005; x_wconf 88' lang='lat' dir='ltr'>terrenam</span> 
     </span>
     <span class='ocr_line' id='line_1_16' title="bbox 272 2035 1268 2155; baseline 0.001 -42"><span class='ocrx_word' id='word_1_118' title='bbox 272 2043 370 2138; x_wconf 86' lang='lat' dir='ltr'>longe</span> <span class='ocrx_word' id='word_1_119' title='bbox 393 2044 592 2114; x_wconf 80' lang='lat' dir='ltr'>transcendit</span> <span class='ocrx_word' id='word_1_120' title='bbox 613 2044 835 2155; x_wconf 82' lang='lat' dir='ltr'>disciplinam,</span> <span class='ocrx_word' id='word_1_121' title='bbox 860 2060 902 2117; x_wconf 81' lang='lat' dir='ltr'>n&#39;e</span> <span class='ocrx_word' id='word_1_122' title='bbox 925 2044 1131 2142; x_wconf 87' lang='lat' dir='ltr'>plurimum</span> <span class='ocrx_word' id='word_1_123' title='bbox 1121 2035 1268 2115; x_wconf 74' lang='lat' dir='ltr'>renitaris</span> 
     </span>
    </p>
   </div>
   <div class='ocr_carea' id='block_1_7' title="bbox 169 2141 1403 2267">
    <p class='ocr_par' dir='ltr' id='par_1_9' title="bbox 169 2141 1403 2267">
     <span class='ocr_line' id='line_1_17' title="bbox 169 2141 1403 2267; baseline -0.003 -40"><span class='ocrx_word' id='word_1_124' title='bbox 169 2238 172 2252; x_wconf 24' lang='grc' dir='ltr'><strong>Λ</strong></span> <span class='ocrx_word' id='word_1_125' title='bbox 220 2189 222 2192; x_wconf 95' lang='grc'><strong><em>·</em></strong></span> <span class='ocrx_word' id='word_1_126' title='bbox 271 2171 418 2226; x_wconf 80' lang='lat' dir='ltr'>terrenae</span> <span class='ocrx_word' id='word_1_127' title='bbox 433 2141 628 2251; x_wconf 87' lang='lat' dir='ltr'>prophetiae</span> <span class='ocrx_word' id='word_1_128' title='bbox 638 2155 767 2250; x_wconf 86' lang='lat' dir='ltr'>regulis,</span> <span class='ocrx_word' id='word_1_129' title='bbox 791 2158 908 2253; x_wconf 90' lang='lat' dir='ltr'>quibus</span> <span class='ocrx_word' id='word_1_130' title='bbox 930 2183 993 2226; x_wconf 87' lang='lat' dir='ltr'>nec</span> <span class='ocrx_word' id='word_1_131' title='bbox 1015 2157 1122 2238; x_wconf 89' lang='lat' dir='ltr'>adhuc</span> <span class='ocrx_word' id='word_1_132' title='bbox 1140 2157 1183 2225; x_wconf 94' lang='lat' dir='ltr'>ad</span> <span class='ocrx_word' id='word_1_133' title='bbox 1199 2155 1267 2250; x_wconf 83' lang='lat' dir='ltr'>ple-</span> <span class='ocrx_word' id='word_1_134' title='bbox 1316 2215 1318 2218; x_wconf 96' lang='lat'>.</span> <span class='ocrx_word' id='word_1_135' title='bbox 1401 2255 1403 2267; x_wconf 35' lang='grc' dir='ltr'>Ι</span> 
     </span>
    </p>
   </div>
   <div class='ocr_carea' id='block_1_8' title="bbox 271 2267 1266 2473">
    <p class='ocr_par' dir='ltr' id='par_1_10' title="bbox 271 2267 1266 2473">
     <span class='ocr_line' id='line_1_18' title="bbox 271 2267 1266 2361; baseline 0.001 -26"><span class='ocrx_word' id='word_1_136' title='bbox 271 2291 351 2336; x_wconf 87' lang='grc' dir='ltr'><strong>ιιιιιιι</strong></span> <span class='ocrx_word' id='word_1_137' title='bbox 374 2267 605 2360; x_wconf 88' lang='lat' dir='ltr'>comprehendi</span> <span class='ocrx_word' id='word_1_138' title='bbox 631 2291 670 2337; x_wconf 91' lang='lat' dir='ltr'>ac</span> <span class='ocrx_word' id='word_1_139' title='bbox 692 2267 816 2361; x_wconf 87' lang='lat' dir='ltr'>definiri</span> <span class='ocrx_word' id='word_1_140' title='bbox 841 2284 969 2338; x_wconf 88' lang='lat' dir='ltr'>terrena</span> <span class='ocrx_word' id='word_1_141' title='bbox 989 2267 1189 2360; x_wconf 82' lang='lat' dir='ltr'>potuerpnt,&#39;</span> <span class='ocrx_word' id='word_1_142' title='bbox 1209 2292 1266 2336; x_wconf 90' lang='lat' dir='ltr'>ue·</span> 
     </span>
     <span class='ocr_line' id='line_1_19' title="bbox 273 2367 1266 2473; baseline 0.002 -29"><span class='ocrx_word' id='word_1_143' title='bbox 273 2377 350 2445; x_wconf 92' lang='lat' dir='ltr'>dum</span> <span class='ocrx_word' id='word_1_144' title='bbox 374 2375 537 2446; x_wconf 88' lang='lat' dir='ltr'>coelestia.</span> <span class='ocrx_word' id='word_1_145' title='bbox 581 2374 700 2447; x_wconf 89' lang='lat' dir='ltr'>Utrum</span> <span class='ocrx_word' id='word_1_146' title='bbox 723 2393 832 2446; x_wconf 87' lang='lat' dir='ltr'>autem</span> <span class='ocrx_word' id='word_1_147' title='bbox 859 2374 988 2446; x_wconf 88' lang='lat' dir='ltr'>dilectio</span> <span class='ocrx_word' id='word_1_148' title='bbox 1007 2367 1088 2460; x_wconf 78' lang='lat' dir='ltr'>illa,</span> <span class='ocrx_word' id='word_1_149' title='bbox 1121 2401 1204 2473; x_wconf 90' lang='lat' dir='ltr'>quae</span> <span class='ocrx_word' id='word_1_150' title='bbox 1231 2378 1266 2446; x_wconf 92' lang='lat' dir='ltr'>in</span> 
     </span>
    </p>
   </div>
   <div class='ocr_carea' id='block_1_9' title="bbox 45 2485 1319 2588">
    <p class='ocr_par' dir='ltr' id='par_1_11' title="bbox 45 2485 1319 2588">
     <span class='ocr_line' id='line_1_20' title="bbox 45 2485 1319 2588; baseline -0.001 -31"><span class='ocrx_word' id='word_1_151' title='bbox 45 2516 47 2528; x_wconf 87' lang='lat'><em>·</em></span> <span class='ocrx_word' id='word_1_152' title='bbox 137 2495 141 2568; x_wconf 50' lang='grc' dir='ltr'>ᾖ</span> <span class='ocrx_word' id='word_1_153' title='bbox 203 2585 205 2588; x_wconf 16' lang='grc' dir='ltr'>Ι</span> <span class='ocrx_word' id='word_1_154' title='bbox 273 2485 406 2560; x_wconf 90' lang='lat' dir='ltr'>coelesti</span> <span class='ocrx_word' id='word_1_155' title='bbox 428 2486 503 2571; x_wconf 73' lang='lat' dir='ltr'>vita,</span> <span class='ocrx_word' id='word_1_156' title='bbox 528 2485 680 2559; x_wconf 86' lang='lat' dir='ltr'>habenda</span> <span class='ocrx_word' id='word_1_157' title='bbox 702 2487 819 2557; x_wconf 85' lang='lat' dir='ltr'>dicitur&#39;</span> <span class='ocrx_word' id='word_1_158' title='bbox 840 2487 994 2558; x_wconf 89' lang='lat' dir='ltr'>accidens</span> <span class='ocrx_word' id='word_1_159' title='bbox 1017 2487 1059 2556; x_wconf 89' lang='lat' dir='ltr'>sit</span> <span class='ocrx_word' id='word_1_160' title='bbox 1081 2512 1123 2557; x_wconf 90' lang='lat' dir='ltr'>an</span> <span class='ocrx_word' id='word_1_161' title='bbox 1147 2487 1266 2583; x_wconf 89' lang='lat' dir='ltr'>qualis·</span> <span class='ocrx_word' id='word_1_162' title='bbox 1316 2532 1319 2542; x_wconf 50' lang='grc' dir='ltr'><strong>ι</strong></span> 
     </span>
    </p>
   </div>
   <div class='ocr_carea' id='block_1_10' title="bbox 256 2597 1342 3260">
    <p class='ocr_par' dir='ltr' id='par_1_12' title="bbox 256 2597 1342 3260">
     <span class='ocr_line' id='line_1_21' title="bbox 273 2597 1266 2724; baseline 0.003 -58"><span class='ocrx_word' id='word_1_163' title='bbox 273 2624 402 2724; x_wconf 88' lang='lat' dir='ltr'>cunque</span> <span class='ocrx_word' id='word_1_164' title='bbox 429 2597 583 2694; x_wconf 83' lang='lat' dir='ltr'>qualitas,</span> <span class='ocrx_word' id='word_1_165' title='bbox 612 2598 694 2668; x_wconf 90' lang='lat' dir='ltr'>nihil</span> <span class='ocrx_word' id='word_1_166' title='bbox 715 2599 859 2668; x_wconf 87' lang='lat' dir='ltr'>utilitatis</span> <span class='ocrx_word' id='word_1_167' title='bbox 887 2597 982 2668; x_wconf 83' lang='lat' dir='ltr'>affert</span> <span class='ocrx_word' id='word_1_168' title='bbox 1003 2598 1175 2682; x_wconf 88' lang='lat' dir='ltr'>delinire,</span> <span class='ocrx_word' id='word_1_169' title='bbox 1181 2623 1266 2694; x_wconf 89' lang='lat' dir='ltr'>quae</span> 
     </span>
     <span class='ocr_line' id='line_1_22' title="bbox 271 2708 1265 2806; baseline 0 -28"><span class='ocrx_word' id='word_1_170' title='bbox 271 2709 335 2778; x_wconf 90' lang='lat' dir='ltr'>nisi</span> <span class='ocrx_word' id='word_1_171' title='bbox 358 2708 575 2803; x_wconf 88' lang='lat' dir='ltr'>experimento</span> <span class='ocrx_word' id='word_1_172' title='bbox 599 2709 747 2780; x_wconf 85' lang='lat' dir='ltr'>scivere</span> <span class='ocrx_word' id='word_1_173' title='bbox 770 2709 932 2802; x_wconf 84' lang='lat' dir='ltr'>cognosci</span> <span class='ocrx_word' id='word_1_174' title='bbox 947 2735 1016 2780; x_wconf 92' lang='lat' dir='ltr'>non</span> <span class='ocrx_word' id='word_1_175' title='bbox 1038 2725 1162 2806; x_wconf 89' lang='lat' dir='ltr'>potest,</span> <span class='ocrx_word' id='word_1_176' title='bbox 1190 2736 1265 2779; x_wconf 91' lang='lat' dir='ltr'>cum</span> 
     </span>
     <span class='ocr_line' id='line_1_23' title="bbox 272 2818 1342 2914; baseline -0.005 -23"><span class='ocrx_word' id='word_1_177' title='bbox 272 2845 404 2891; x_wconf 89' lang='lat' dir='ltr'>omnem</span> <span class='ocrx_word' id='word_1_178' title='bbox 423 2835 568 2889; x_wconf 87' lang='lat' dir='ltr'>terrenae</span> <span class='ocrx_word' id='word_1_179' title='bbox 590 2819 744 2892; x_wconf 88' lang='lat' dir='ltr'>scientiae</span> <span class='ocrx_word' id='word_1_180' title='bbox 766 2845 899 2891; x_wconf 89' lang='lat' dir='ltr'>sensum</span> <span class='ocrx_word' id='word_1_181' title='bbox 922 2820 1020 2914; x_wconf 83' lang='lat' dir='ltr'>longe</span> <span class='ocrx_word' id='word_1_182' title='bbox 1042 2818 1266 2913; x_wconf 85' lang='lat' dir='ltr'>transcen(ful.</span> <span class='ocrx_word' id='word_1_183' title='bbox 1338 2849 1342 2854; x_wconf 56' lang='lat'>¹</span> 
     </span>
     <span class='ocr_line' id='line_1_24' title="bbox 271 2929 1266 3021; baseline -0.002 -21"><span class='ocrx_word' id='word_1_184' title='bbox 271 2935 325 3007; x_wconf 77' lang='grc'>45.</span> <span class='ocrx_word' id='word_1_185' title='bbox 339 2929 460 3019; x_wconf 80' lang='lat' dir='ltr'>R.)‹tat</span> <span class='ocrx_word' id='word_1_186' title='bbox 495 2929 587 3021; x_wconf 84' lang='lat' dir='ltr'>Quid</span> <span class='ocrx_word' id='word_1_187' title='bbox 603 2948 711 3002; x_wconf 87' lang='lat' dir='ltr'>autem</span> <span class='ocrx_word' id='word_1_188' title='bbox 726 2932 769 3001; x_wconf 88' lang='lat' dir='ltr'>ad</span> <span class='ocrx_word' id='word_1_189' title='bbox 782 2932 1014 3004; x_wconf 89' lang='lat' dir='ltr'>beatitudinem</span> <span class='ocrx_word' id='word_1_190' title='bbox 1030 2930 1137 3016; x_wconf 85' lang='lat' dir='ltr'>refert,</span> <span class='ocrx_word' id='word_1_191' title='bbox 1158 2947 1266 3000; x_wconf 90' lang='lat' dir='ltr'>utrum</span> 
     </span>
     <span class='ocr_line' id='line_1_25' title="bbox 256 3029 1298 3134; baseline 0.002 -24"><span class='ocrx_word' id='word_1_192' title='bbox 256 3067 346 3114; x_wconf 73' lang='lat' dir='ltr'>,cam</span> <span class='ocrx_word' id='word_1_193' title='bbox 374 3032 526 3114; x_wconf 87' lang='lat' dir='ltr'>accidens</span> <span class='ocrx_word' id='word_1_194' title='bbox 549 3067 600 3124; x_wconf 85' lang='lat' dir='ltr'>an¹</span> <span class='ocrx_word' id='word_1_195' title='bbox 614 3043 828 3115; x_wconf 88' lang='lat' dir='ltr'>substantiam</span> <span class='ocrx_word' id='word_1_196' title='bbox 849 3044 918 3114; x_wconf 88' lang='lat' dir='ltr'>sive</span> <span class='ocrx_word' id='word_1_197' title='bbox 940 3059 1088 3118; x_wconf 88' lang='lat' dir='ltr'>neutrum</span> <span class='ocrx_word' id='word_1_198' title='bbox 1111 3050 1187 3112; x_wconf 88' lang='lat' dir='ltr'>esse</span> <span class='ocrx_word' id='word_1_199' title='bbox 1204 3067 1265 3134; x_wconf 62' lang='lat' dir='ltr'>pov</span> <span class='ocrx_word' id='word_1_200' title='bbox 1293 3029 1298 3066; x_wconf 68' lang='lat'><em>³</em></span> 
     </span>
     <span class='ocr_line' id='line_1_26' title="bbox 271 3151 1302 3260; baseline -0.002 -37"><span class='ocrx_word' id='word_1_201' title='bbox 271 3179 404 3239; x_wconf 89' lang='lat' dir='ltr'>namus,</span> <span class='ocrx_word' id='word_1_202' title='bbox 435 3181 510 3224; x_wconf 91' lang='lat' dir='ltr'>cum</span> <span class='ocrx_word' id='word_1_203' title='bbox 532 3155 686 3252; x_wconf 90' lang='lat' dir='ltr'>quicquid</span> <span class='ocrx_word' id='word_1_204' title='bbox 712 3156 859 3226; x_wconf 88' lang='lat' dir='ltr'>dicamus</span> <span class='ocrx_word' id='word_1_205' title='bbox 881 3153 933 3226; x_wconf 87' lang='lat' dir='ltr'>vel</span> <span class='ocrx_word' id='word_1_206' title='bbox 961 3155 1165 3236; x_wconf 88' lang='lat' dir='ltr'>arbitremur,</span> <span class='ocrx_word' id='word_1_207' title='bbox 1192 3151 1265 3260; x_wconf 78' lang='lat' dir='ltr'>ipsa</span> <span class='ocrx_word' id='word_1_208' title='bbox 1299 3189 1302 3197; x_wconf 89' lang='lat'>·</span> 
     </span>
    </p>
   </div>
   <div class='ocr_carea' id='block_1_11' title="bbox 270 3262 1403 3471">
    <p class='ocr_par' dir='ltr' id='par_1_13' title="bbox 270 3262 1403 3471">
     <span class='ocr_line' id='line_1_27' title="bbox 271 3262 1403 3349; baseline -0.004 -13"><span class='ocrx_word' id='word_1_209' title='bbox 271 3265 348 3336; x_wconf 92' lang='lat' dir='ltr'>ideo</span> <span class='ocrx_word' id='word_1_210' title='bbox 376 3291 446 3336; x_wconf 89' lang='lat' dir='ltr'>nou</span> <span class='ocrx_word' id='word_1_211' title='bbox 472 3282 613 3349; x_wconf 85' lang='lat' dir='ltr'>mutetur</span> <span class='ocrx_word' id='word_1_212' title='bbox 633 3268 684 3336; x_wconf 86' lang='lat' dir='ltr'>vel</span> <span class='ocrx_word' id='word_1_213' title='bbox 709 3267 940 3338; x_wconf 89' lang='lat' dir='ltr'>beatitudinem</span> <span class='ocrx_word' id='word_1_214' title='bbox 964 3280 1111 3335; x_wconf 90' lang='lat' dir='ltr'>nostram</span> <span class='ocrx_word' id='word_1_215' title='bbox 1131 3262 1265 3333; x_wconf 88' lang='lat' dir='ltr'>minuat.</span> <span class='ocrx_word' id='word_1_216' title='bbox 1327 3332 1331 3339; x_wconf 29' lang='lat' dir='ltr'><em>s</em></span> <span class='ocrx_word' id='word_1_217' title='bbox 1400 3300 1403 3317; x_wconf 60' lang='grc' dir='ltr'>ι</span> 
     </span>
     <span class='ocr_line' id='line_1_28' title="bbox 270 3369 1392 3471; baseline -0.014 -16"><span class='ocrx_word' id='word_1_218' title='bbox 270 3380 333 3461; x_wconf 85' lang='lat' dir='ltr'>Ac,</span> <span class='ocrx_word' id='word_1_219' title='bbox 355 3377 489 3471; x_wconf 86' lang='lat' dir='ltr'>siquae</span> <span class='ocrx_word' id='word_1_220' title='bbox 512 3376 553 3450; x_wconf 91' lang='lat' dir='ltr'>dc</span> <span class='ocrx_word' id='word_1_221' title='bbox 575 3377 793 3449; x_wconf 90' lang='lat' dir='ltr'>accidentibus</span> <span class='ocrx_word' id='word_1_222' title='bbox 812 3394 849 3449; x_wconf 87' lang='lat' dir='ltr'>et</span> <span class='ocrx_word' id='word_1_223' title='bbox 870 3373 1134 3462; x_wconf 80' lang='lat' dir='ltr'>substantialibus</span> <span class='ocrx_word' id='word_1_224' title='bbox 1150 3373 1263 3444; x_wconf 76' lang='lat' dir='ltr'>formis</span> <span class='ocrx_word' id='word_1_225' title='bbox 1347 3401 1349 3406; x_wconf 89' lang='lat'><em>·</em></span> <span class='ocrx_word' id='word_1_226' title='bbox 1390 3369 1392 3374; x_wconf 74' lang='grc'><strong>’</strong></span> 
     </span>
    </p>
   </div>
   <div class='ocr_carea' id='block_1_12' title="bbox 180 3479 1403 3698">
    <p class='ocr_par' dir='ltr' id='par_1_14' title="bbox 180 3479 1403 3698">
     <span class='ocr_line' id='line_1_29' title="bbox 271 3479 1403 3585; baseline -0.004 -29"><span class='ocrx_word' id='word_1_227' title='bbox 271 3486 463 3584; x_wconf 86' lang='lat' dir='ltr'>philosophi</span> <span class='ocrx_word' id='word_1_228' title='bbox 480 3489 578 3560; x_wconf 84' lang='lat' dir='ltr'>vestri</span> <span class='ocrx_word' id='word_1_229' title='bbox 602 3489 762 3575; x_wconf 83' lang='lat' dir='ltr'>dixerunt,</span> <span class='ocrx_word' id='word_1_230' title='bbox 791 3489 961 3582; x_wconf 82' lang='lat' dir='ltr'>diligenter</span> <span class='ocrx_word' id='word_1_231' title='bbox 987 3485 1173 3557; x_wconf 88' lang='lat' dir='ltr'>consideres</span> <span class='ocrx_word' id='word_1_232' title='bbox 1200 3479 1263 3553; x_wconf 83' lang='lat' dir='ltr'>nec</span> <span class='ocrx_word' id='word_1_233' title='bbox 1323 3488 1327 3500; x_wconf 89' lang='lat'>&#39;</span> <span class='ocrx_word' id='word_1_234' title='bbox 1402 3580 1403 3585; x_wconf 8' lang='grc' dir='ltr'>γ</span> 
     </span>
     <span class='ocr_line' id='line_1_30' title="bbox 180 3596 1319 3698; baseline -0.011 -24"><span class='ocrx_word' id='word_1_235' title='bbox 180 3649 182 3654; x_wconf 86' lang='lat'><em>·</em></span> <span class='ocrx_word' id='word_1_236' title='bbox 270 3597 518 3673; x_wconf 81' lang='lat' dir='ltr'>substantialem</span> <span class='ocrx_word' id='word_1_237' title='bbox 543 3601 635 3698; x_wconf 87' lang='lat' dir='ltr'>illam</span> <span class='ocrx_word' id='word_1_238' title='bbox 660 3601 756 3674; x_wconf 92' lang='lat' dir='ltr'>uobis</span> <span class='ocrx_word' id='word_1_239' title='bbox 784 3599 923 3686; x_wconf 81' lang='lat' dir='ltr'>¹videbis,</span> <span class='ocrx_word' id='word_1_240' title='bbox 958 3623 1042 3694; x_wconf 86' lang='lat' dir='ltr'>quae</span> <span class='ocrx_word' id='word_1_241' title='bbox 1076 3621 1145 3670; x_wconf 90' lang='lat' dir='ltr'>nou</span> <span class='ocrx_word' id='word_1_242' title='bbox 1178 3596 1265 3666; x_wconf 88' lang='lat' dir='ltr'>inest</span> <span class='ocrx_word' id='word_1_243' title='bbox 1316 3657 1319 3663; x_wconf 82' lang='grc'><strong>,</strong></span> 
     </span>
    </p>
   </div>
   <div class='ocr_carea' id='block_1_13' title="bbox 196 3951 557 4036">
    <p class='ocr_par' dir='ltr' id='par_1_15' title="bbox 196 3951 557 4036">
     <span class='ocr_line' id='line_1_31' title="bbox 196 3951 557 4036; baseline 0.003 -24"><span class='ocrx_word' id='word_1_244' title='bbox 196 4033 197 4036; x_wconf 8' lang='lat'>¹</span> <span class='ocrx_word' id='word_1_245' title='bbox 286 3955 322 4028; x_wconf 92' lang='lat'>1)</span> <span class='ocrx_word' id='word_1_246' title='bbox 338 3953 431 4014; x_wconf 77' lang='lat' dir='ltr'>torno.</span> <span class='ocrx_word' id='word_1_247' title='bbox 448 3951 497 4026; x_wconf 90' lang='lat' dir='ltr'>lll,</span> <span class='ocrx_word' id='word_1_248' title='bbox 514 3955 557 4013; x_wconf 82' lang='lat'>31.</span> 
     </span>
    </p>
   </div>
   <div class='ocr_carea' id='block_1_14' title="bbox 0 0 1408 4492">
    <p class='ocr_par' dir='ltr' id='par_1_16' title="bbox 0 0 1408 4492">
     <span class='ocr_line' id='line_1_32' title="bbox 0 0 1408 4492; baseline 0 1"><span class='ocrx_word' id='word_1_249' title='bbox 0 0 1408 4492; x_wconf 95' lang='lat' dir='ltr'> </span> 
     </span>
    </p>
   </div>
  </div>
 </body>
</html>
