2798 4486
252 189 304 310 dd

255 357 326 450 ligis
351 372 465 426 contra
488 355 593 447 legem
616 351 685 446 agi,
714 351 741 420 si
770 350 864 448 qnid,
893 352 983 449 quod
1005 341 1047 424 in‘
1063 378 1102 424 ea
1124 381 1256 450 praeee-

254 486 349 565 ptum
371 494 439 538 nou
463 468 513 552 sit,
535 492 633 562 snper
655 464 803 536 addatur.
839 463 911 538 Nec
934 482 967 536 te
989 466 1068 534 satis
1087 466 1255 556 dominum

255 605 408 652 excusare
422 603 594 672 agnoscas,
616 576 704 673 quod
718 604 790 646 cnm
804 576 885 671 legis
901 577 1119 653 obedientiam
1139 583 1256 654 suade·

254 709 304 763 ret
317 692 361 777 id,
381 708 417 762 ut
432 691 496 760 dixi
511 691 735 778 maxime(nm)
750 689 783 758 in
800 691 868 783 ejus
884 690 1146 764 remuneratione
1162 720 1256 788 prae·

254 804 400 888 tramisit,
422 805 450 876 si
469 803 511 874 ad
531 802 610 873 illud
630 803 725 871 etiam
745 802 997 896 promerendum
1018 827 1090 874 eam
1107 804 1256 878 sufficere
1311 849 1322 862 ·

254 916 452 1012 judicaverit.
497 914 600 1004 Quod
631 939 709 985 vero
740 911 881 1008 spiritale
904 914 1026 984 bouum
1049 933 1257 1010 peecatorum

255 1029 479 1123 purificatione
509 1053 568 1122 per
598 1025 753 1097 sacrificia
782 1025 833 1094 vel
863 1025 1025 1121 quaelibet
1051 1027 1134 1121 legis
1157 1057 1258 1126 opera

257 1141 413 1210 exteriora
444 1139 600 1234 consequi
631 1138 806 1220 confiditis,
835 1139 936 1208 miror
958 1139 1002 1223 si,
1032 1155 1066 1210 ut
1087 1141 1158 1236 ipse
1181 1170 1256 1238 pro.

250 1253 362 1331 ,fessus
381 1276 416 1320 es
440 1267 472 1320 et
490 1232 663 1323 manifesta
683 1250 798 1319 veritas
818 1247 925 1333 habet,
942 1267 1050 1320 vestra
1066 1250 1117 1352 dei
1135 1269 1167 1322 et
1180 1281 1256 1349 pro·

256 1364 332 1432 rimi
362 1362 492 1434 dilectio
521 1363 563 1431 ad
598 1361 860 1456 justificationem
895 1361 1074 1452 sanctitatis
1108 1365 1268 1439 sufficiat:

257 1473 372 1572 Neque
390 1474 476 1544 enim
494 1458 563 1546 siire
579 1475 649 1544 istis
671 1473 845 1568 quicquam
864 1472 919 1542 ilia
938 1474 1136 1569 prodere(i)t
1154 1503 1256 1573 qnan-

260 1602 327 1658 tum
358 1587 400 1657 ad
431 1585 559 1656 animae
589 1586 727 1654 salutem
747 1585 923 1679 pertineat,
953 1611 1014 1656 nec
1044 1587 1178 1658 dubium
1208 1607 1259 1660 cst

256 1725 329 1768 cnm
357 1698 419 1768 ista
451 1697 626 1794 quemlibet
647 1701 769 1793 justum
793 1695 960 1766 effecerint
981 1700 1046 1792 jam
1069 1725 1136 1768 non
1159 1701 1192 1770 in
1216 1729 1256 1772 eo

256 1828 349 1879 reatu
384 1809 509 1906 peceati
545 1833 618 1878 esse
653 1825 688 1878 ut
722 1808 856 1905 spiritali
893 1825 987 1902 egeat
1023 1811 1257 1905 purificatione.

256 1921 354 1992 Unde
392 1937 424 1991 et
461 1921 501 1992 de
535 1937 707 2015 peccatore
743 1921 932 2016 poenitente
968 1922 1124 2016 scriptum
1159 1925 1257 1996 habe·
1306 1923 1310 1932 “

254 2034 295 2106 tis
318 2039 367 2119 ¹):
405 2031 607 2102 Sacrificium
630 2033 693 2103 deo
717 2033 846 2127 spiritus
870 2033 1101 2104 contribulatus
1125 2053 1203 2122 etc.‚
1227 2055 1259 2108 et

255 2170 383 2214 rursum
405 2152 457 2232 2);
494 2143 570 2214 Dixi
599 2145 778 2215 confitebor
807 2145 978 2216 adversum
1004 2171 1075 2229 me,
1102 2147 1123 2216 i.
1150 2165 1256 2220 met

256 2273 279 2329 t.
301 2284 325 2328 r.
350 2283 393 2327 m.
416 2283 449 2350 p.
475 2284 516 2325 m.
562 2257 648 2327 Eece
678 2255 845 2352 quomodo
875 2257 1067 2326 sacrificium
1092 2258 1155 2364 deoc
1179 2286 1255 2330 con·

154 2407 155 2414 κ
232 2369 319 2450 ν1τίῖὶ
343 2368 453 2437 cordis
476 2367 528 2436 ille
552 2367 768 2450 commendat,
792 2368 846 2464 qni
869 2367 946 2437 illod
967 2370 1105 2441 exterius
1122 2371 1256 2443 omniuo

256 2479 332 2563 alibi
354 2478 513 2573 reprobat
530 2505 568 2550 ex
588 2503 729 2574 persona
745 2479 876 2550 'domini
901 2481 1012 2551 dicens
1032 2490 1081 2571 3);
1110 2480 1187 2554 Non
1203 2509 1256 2554 ac·

258 2591 375 2685 cipiam
403 2590 443 2660 de
475 2590 574 2662 domo
606 2609 660 2661 tua
684 2591 800 2662 vindos
824 2618 931 2686 neque
955 2593 995 2662 de
1019 2595 1170 2687 gregibus
1192 2597 1256 2667 tuis

256 2702 375 2772 hircos.
420 2701 456 2770 Si
488 2703 630 2772 esuriero
658 2730 726 2772 non
750 2702 856 2772 dicam
879 2703 951 2789 tibi,
982 2731 1074 2774 meus
1098 2723 1147 2776 est
1170 2708 1257 2778 enim

255 2814 342 2884 orbis
371 2809 474 2886 terrae
505 2830 537 2884 ct
564 2841 596 2910 p.
627 2819 707 2908 ejus.
751 2813 839 2887 Num
870 2816 925 2912 qui
953 2816 1257 2896 manducabunt.

255 2951 283 3002 a.
304 2951 333 2996 s.
356 2925 388 2994 b.
411 2951 442 3020 p.
463 3018 464 3022 Ἰ
488 2924 623 2996 immola
653 2926 716 2996 deo
747 2952 772 3002 s.
795 2926 816 3002 1.
840 2953 868 3000 e.
890 2955 916 3000 r.
939 2928 981 3000 al.
1004 2937 1078 3019 (17.
1094 2929 1159 3018 V.)
1181 2961 1211 3002 v.
1235 2947 1287 3004 t.-

254 3053 286 3110 et
304 3037 423 3108 invoca
443 3063 495 3108 me
518 3036 552 3110 in
571 3037 623 3106 die
647 3037 703 3110 ribi
727 3055 797 3124 etc,
820 3040 902 3114 eth.
921 3067 985 3112 me.
1022 3039 1256 3113 Cordissacri·
1294 3103 1296 3108 ,
1397 3119 1398 3126 χ

254 3149 377 3232 ficium,
406 3174 474 3220 non
501 3149 685 3220 animalium
710 3153 808 3222 esurit
831 3151 998 3238 dominns,
1022 3169 1054 3224 et
1075 3153 1130 3223 itto
1153 3156 1253 3224 refici·

253 3276 320 3342 tur,
348 3274 380 3328 et
403 3287 475 3332 cum
499 3261 585 3330 istud
609 3261 747 3342 invenit,
770 3261 849 3333 ittud
872 3289 940 3335 non
963 3264 1103 3360 quaerit,
1126 3281 1256 3338 etcum

253 3370 341 3442 istud
364 3397 432 3441 uon
455 3374 593 3458 invenit,
620 3373 700 3445 ittud
727 3376 863 3446 omnino
887 3375 1070 3471 superfluit,
1099 3395 1258 3474 qnantum

255 3483 389 3578 inquam
417 3483 460 3552 ad
492 3485 620 3556 animae
646 3469 909 3580 justificationem
938 3513 1007 3560 non
1037 3489 1079 3559 ad
1102 3490 1255 3584 legalium
1347 3558 1350 3564 .

255 3649 455 3666 m

271 3732 305 3803 1.)
322 3729 366 3792 Pe.
384 3731 434 3798 Lt.
455 3735 497 3793 19.

270 3837 305 3906 2)
323 3836 366 3894 Pe.
385 3837 502 3908 XXXII,
521 3844 545 3897 5.

212 3977 216 3983 ,
270 3941 305 4013 a)
324 3939 368 4000 es.
386 3939 423 4017 t,
441 3946 465 4002 a.
487 3947 528 4003 n.
