2806 4492
74 478 76 486 ,
184 383 188 402 ’
248 411 315 484 est,
334 395 381 467 ita
401 374 556 487 injustitia
575 383 726 462 uoluntas
747 388 920 471 contraria,
962 389 1008 461 Et
1027 391 1150 485 justitia
1172 394 1242 491 qni·
1285 467 1291 482 ,

109 536 117 556 ·’
248 510 326 580 dem
346 508 470 578 hunum
490 500 673 599 homiuetn,
697 499 822 590 lor(l'ol.
842 505 896 575 40.
909 500 1081 593 'R.)titudo
1095 531 1181 596 „uero
1203 529 1244 578 ac
1377 491 1379 496 ’

248 601 459 716 temperantia
481 614 619 710 prohuur
641 610 798 696 effitiunt,
819 612 907 708 quia,
933 614 1021 710 qnod
1044 639 1083 684 ex
1104 614 1160 684 illa
1181 641 1242 686 uo·

248 731 355 801 lomus
373 731 415 822 ι),
437 752 475 796 ex
497 724 547 794 his
570 723 614 794 ad
632 721 837 794 efficiendum
858 721 957 794 velidi
979 749 1101 822 sumus,
1136 725 1241 798 Putas

241 859 356 922 antem
372 867 425 910 me
444 838 478 907 in
494 834 784 932 praeseutia[rum]
803 835 931 930 species
945 861 1004 906 seu
1018 853 1127 933 partes
1143 839 1240 908 virtu·
1321 859 1329 880 ¹

248 953 290 1023 tis
312 952 357 1022 ita
380 948 575 1031 distinxisse,
595 947 686 1015 utin
708 945 759 1016 his
775 944 895 1040 gradus
910 972 1025 1047 omnes
1042 928 1240 1020 concludan-

230 1079 316 1148 tur,
345 1061 462 1159 quihus
489 1058 533 1128 ad
557 1057 787 1130 beatitudinem
807 1057 998 1152 pertingitur
1024 1076 1058 1130 et
1078 1083 1239 1131 summum
1348 1061 1351 1065 ’

247 1199 308 1270 pru
337 1170 459 1242 meritis
486 1170 609 1241 honum
639 1167 901 1266 apprehenditur.
958 1165 1055 1241 Nunc
1081 1172 1110 1241 si
1135 1172 1240 1242 visum
1370 1163 1380 1242 s

249 1285 291 1356 sit
317 1281 507 1380 prudentiae
535 1297 625 1364 tuae,
653 1279 731 1377 quid
758 1279 792 1349 in
816 1279 865 1348 his
888 1280 1027 1375 prohare
1047 1282 1099 1352 vel
1120 1283 1240 1379 impro-

247 1387 326 1464 hare
350 1393 540 1476 decreveris,
560 1392 612 1463 vel
633 1391 662 1460 si
685 1390 762 1486 qnid
784 1389 921 1460 sortasse
945 1391 986 1459 ad
1008 1392 1239 1485 perlectionem
1277 1421 1286 1435 ¹*

248 1504 434 1584 addendum
458 1529 530 1574 esse
553 1502 731 1585 censueris,
752 1502 856 1596 parati
877 1509 988 1572 sumus
1011 1504 1168 1598 excipere.

336 1614 568 1699 Christian.¹
602 1612 658 1682 Sic
680 1599 826 1708 prolecto
849 1612 1008 1686 convenit.
1044 1612 1239 1709 Sedprius·

168 1771 175 1798 t
236 1711 410 1824 ·quanr¹ad
435 1727 495 1796 hos
519 1715 635 1796 summi
656 1723 746 1808 honi,
771 1747 853 1818 qnos
875 1715 1023 1818 posuisti,
1044 1726 1164 1818 gradus
1185 1755 1239 1796 ve·

248 1840 392 1925 uiamus,
430 1838 472 1907 ad
501 1835 718 1905 intermissum
747 1859 815 1904 nou
844 1834 1013 1905 dimissum
1043 1836 1084 1905 de
1111 1863 1238 1907 summo
1317 1835 1328 1852 ‘

248 1952 337 2021 hono
358 1948 412 2020 rel
434 1973 562 2020 summo
582 1945 669 2016 malo
692 1945 878 2015 conflictum
899 1946 1082 2026 redeamus,
1108 1964 1140 2017 et
1162 1948 1240 2043 quid
1369 1995 1372 2005 ι

249 2059 437 2158 simpliciter
462 2085 623 2132 summum
648 2057 771 2128 honum
792 2056 844 2127 rel
867 2083 1028 2128 summum
1049 2058 1170 2128 malurn
1192 2060 1239 2129 di·

229 2167 355 2261 catur,
383 2186 416 2245 et
443 2197 486 2242 an
508 2170 596 2242 aliud
618 2193 780 2241 summum
799 2169 925 2240 honum
945 2170 1006 2254 sit,
1034 2195 1132 2264 quam
1148 2185 1239 2241 ‘sum-

248 2263 338 2354 mum
364 2283 505 2354 hominis
534 2282 673 2365 honum,
701 2280 753 2351 vel
781 2306 944 2351 summum
974 2279 1114 2368 mulum,
1141 2267 1239 2378 quarn

249 2417 411 2466 summum
433 2391 576 2463 hominis
599 2389 733 2474 malum,
755 2391 994 2464 determinetur.

370 2501 550 2599 Regressio
572 2500 615 2573 ud
635 2501 851 2604 intermissam
870 2503 1124 2599 inquisitionem·

328 2626 333 2630 ’
490 2701 493 2708 .
559 2613 626 2712 ,de
648 2639 777 2685 sumn
803 2613 911 2686 hono„

333 2724 490 2798 Philus.
534 2724 705 2796 Summum
733 2724 846 2826 utique·
869 2725 993 2797 honum
1015 2727 1101 2824 apud
1123 2751 1238 2818 omues

248 2853 335 2909 reete
356 2834 625 2936 philosophantes
647 2860 715 2914 uon
735 2836 823 2906 aliud
846 2862 944 2934 quam
966 2839 1064 2909 deum
1082 2838 1144 2908 dici
1160 2863 1237 2908 cou-

197 2995 207 3016 ι
239 2943 314 3044 'sstat
334 2963 367 3021 et
388 2947 495 3033 credi,
514 2948 608 3042 cujus
628 2947 750 3018 scilicet
770 2935 1015 3043 incorporahilis
1038 2966 1072 3020 et
1093 2947 1238 3020 iuellahi·
1353 3007 1362 3020 ,
1399 2943 1401 2950 ”

247 3061 288 3132 lis
315 3059 483 3133 heatitudo
512 3074 578 3130 tam
605 3058 754 3156 principii
782 3085 880 3155 quam
908 3060 980 3130 finis
1005 3060 1137 3154 ignara,
1167 3085 1237 3130 uon

184 3161 186 3168 ’
246 3171 360 3265 augeri
380 3186 490 3266 potest
510 3196 572 3242 nec
592 3170 703 3245 minui.
723 3171 907 3262 ¹Summum
921 3169 997 3241 vero
1015 3172 1135 3270 malurn
1151 3198 1239 3242 sum·
1386 3240 1398 3265 ,χ

247 3306 333 3354 mam
356 3284 578 3380 cujuscunque
597 3283 642 3353 sit
661 3281 728 3353 sire
750 3281 892 3353 hominis
913 3281 981 3352 sive
1002 3281 1133 3352 alterius
1150 3307 1244 3353 eren-v
1388 3360 1395 3374 Γ

95 3431 98 3442 =
246 3407 338 3464 turae
359 3393 520 3465 miseriam
540 3393 592 3466 rel
613 3416 740 3488 poenae
763 3393 940 3463 cruciatum
958 3407 1109 3477 autumo,
1133 3392 1238 3468 horni-
1327 3475 1337 3496 ,
1386 3464 1389 3487 1

246 3503 300 3576 uis
316 3517 425 3596 autem
443 3495 604 3574 summum
623 3504 745 3573 honum
767 3503 818 3573 vel
835 3529 998 3572 summum
1012 3489 1145 3588 malum,
1166 3506 1237 3598 ejus

247 3614 332 3686 sicut
350 3637 449 3710 supra
472 3618 537 3709 jam
558 3613 690 3686 memini
710 3637 750 3684 ac
773 3613 984 3715 determinari
1003 3613 1130 3684 futurae
1150 3614 1236 3688 vitae

245 3726 391 3823 requiem
411 3724 463 3814 rel
483 3726 625 3822 poenam
646 3740 836 3822 perpetuam
856 3724 1017 3821 intelligo,
1042 3725 1114 3798 hoc
1127 3725 1237 3823 itaque
1377 3763 1381 3802 ε

245 3875 444 3894 m

262 3973 297 4045 1)
313 3972 376 4048 legs
393 3965 526 4034 volumus?
