2740 4486
1088 273 1140 352 at
1222 312 1232 328 ν

131 447 247 516 solitar
287 447 418 516 dieitur.
471 447 614 532 Spiritus
655 449 773 534 quippe
813 451 920 515 suncti
957 447 1139 531 paternitas

135 560 334 642 ostenditur,
357 583 430 626 cum
453 562 584 644 dicitur,
608 565 741 646 spiritus
756 563 881 629 domini
896 560 1064 628 ferebatur
1084 579 1140 626 aa·

131 695 314 762 peraquas.
347 673 492 741 Verbum
512 698 605 755 vero,
626 676 661 740 id
684 686 736 740 est
750 674 839 741 filius
853 683 887 740 et
902 681 996 759 pater
1009 680 1039 754 ὅ)
1058 671 1140 736 insi·

138 799 268 866 nuatur,
292 808 366 852 cum
388 789 521 854 dicitur:
545 790 629 862 dixit
645 788 739 860 Deus
761 789 831 870 fiat,
854 789 888 854 id
910 800 973 868 est,
993 790 1028 853 in
1050 789 1139 852 dicto

132 924 193 968 suo
216 923 276 966 seu
296 901 411 982 verbo,
432 903 549 982 idest,
571 881 764 969 vcoaeterna.
779 905 941 988 sapientia
964 925 1025 969 sua
1046 913 1141 987 pater

138 1015 303 1080 ordinavit
324 997 489 1090 facienda.
534 1013 611 1082 Non
635 1019 721 1082 enim
734 1019 774 1082 de
790 991 955 1101 corporali
969 1015 1139 1081 locutione

135 1128 205 1197 hoc
228 1129 333 1211 accipi
354 1140 475 1211 potest.
520 1129 558 1195 In
575 1151 615 1192 eo
633 1152 760 1214 quoque
783 1130 871 1215 quod
891 1131 1048 1212 scripturn
1069 1139 1138 1192 est:

135 1242 274 1306 stridit
295 1240 401 1322 Deus,
425 1243 511 1325 quod
534 1257 624 1306 esset
645 1243 765 1307 bonum
780 1264 820 1307 ac
841 1244 870 1308 si
893 1244 1020 1307 dicatur
1040 1238 1139 1306 iutel-

133 1353 270 1441 ligando
287 1355 372 1438 quod
385 1374 479 1437 opus,
502 1355 588 1439 quod
601 1356 740 1435 fecerat,
757 1355 878 1420 bonum
892 1367 993 1434 esset,
1018 1354 1140 1420 amavit

134 1464 219 1531 illud
253 1487 292 1528 eo
314 1467 405 1547 ipso,
440 1467 527 1550 quod
556 1452 675 1533 bonum
712 1481 797 1532 erat.
841 1467 978 1550 Exque
1006 1477 1040 1531 et
1066 1467 1139 1548 ipse

135 1580 243 1648 bonus
259 1603 334 1646 esse
356 1581 479 1666 liquido
498 1595 709 1647 monstratur.
750 1583 837 1658 Quia
853 1584 940 1646 etad
964 1582 1138 1646 documen·
1177 1575 1181 1582 ’

135 1705 203 1790 tum
218 1695 374 1759 trinitatis
391 1693 534 1778 apertius
551 1709 602 1761 est
617 1698 743 1784 [quam]
761 1697 848 1781 quod
864 1707 982 1779 postea
997 1697 1031 1761 in
1047 1716 1138 1760 crea-

91 1865 102 1873 .
137 1809 227 1873 tione
247 1807 388 1874 hominis
404 1808 622 1896 subjungitur,
647 1812 780 1878 dominu
803 1813 953 1875 dicente:
976 1809 1138 1875 faciamus

36 1927 44 1946 ⁸
86 1977 89 1992 .
139 1921 307 1987 hominem
329 1935 362 1987 et
385 1936 528 1988 caetera.
575 1923 661 1999 Quid
696 1927 782 1990 enim
811 1923 933 1988 dictum
956 1936 1006 1989 est
1027 1922 1138 2006 plura-

134 2032 214 2098 liter
231 2035 315 2100 faci
325 2057 454 2114 amne,
477 2038 542 2100 nisi
554 2048 588 2100 ut
601 2038 790 2119 cooperatio
804 2038 960 2100 trinitatis
975 2041 1137 2118 exprima-

137 2163 203 2214 tur.
248 2145 376 2231 Quippe
408 2171 489 2233 quos
519 2147 747 2214 cohortaretur
768 2148 861 2214 Deus
891 2148 931 2212 ad
962 2148 1139 2214 creandum
1209 2125 1211 2139 ¹

136 2259 315 2340 hominem,
339 2263 504 2343 cumipse
526 2261 618 2326 solus
641 2284 714 2326 eum
734 2261 879 2326 facturus
895 2273 995 2326 esset.
1027 2261 1136 2344 Scrip-

137 2387 207 2440 tum
230 2385 282 2444 est
303 2393 461 2457 numque:
490 2366 568 2456 ,quis
591 2374 719 2458 adjuvit
751 2375 899 2457 spiritum
931 2374 1052 2438 domini
1081 2385 1140 2438 aut

136 2490 208 2574 quis
237 2487 446 2553 consiliarius
471 2489 544 2571 ejus
575 2488 657 2552 fuiti
702 2485 795 2552 Bene
826 2487 867 2550 ad
896 2489 1074 2574 imaginem
1103 2499 1138 2556 et

137 2599 385 2666 similitudinem
408 2602 576 2681 trinitatis,
600 2598 662 2664 hoc
685 2612 737 2664 est
758 2599 800 2664 ad
823 2620 1013 2681 expressam
1033 2621 1136 2682 quan·

135 2712 212 2777 dam
234 2709 481 2776 similitudinem
511 2714 607 2778 trium
635 2734 846 2795 personarum
870 2710 967 2776 horno
990 2711 1064 2776 fieri
1086 2711 1135 2775 di-

137 2827 237 2904 citur,
271 2837 306 2890 ut
339 2838 465 2906 patrem
485 2849 544 2908 per
565 2837 783 2908 potestatem,
813 2847 909 2912 quam
928 2827 964 2891 in
986 2837 1136 2893 caeteras

136 2953 304 3009 creaturas
326 2940 446 3018 habet,
479 2943 625 3005 imitetur
660 2956 694 3005 et
714 2919 819 3008 filium
840 2963 899 3025 per
920 2944 1082 3008 rationem
1103 2953 1137 3006 et
1216 2943 1227 2954 “

136 3057 283 3138 spiritum
316 3075 374 3136 per
403 3055 610 3118 innocentiae
639 3052 895 3140 benignitatem,¹
928 3075 1024 3137 quam
1046 3065 1136 3136 pott-

136 3155 268 3234 modum
288 3187 347 3249 per
373 3163 501 3248 culpam
530 3167 650 3230 amisit.
694 3165 747 3231 Ad
771 3167 1003 3251 hanc-quoque
1025 3165 1136 3249 plats·

135 3282 266 3349 litatem
299 3257 511 3363 personarum
532 3267 615 3344 iliud
648 3283 789 3346 attinere
822 3281 960 3360 dicitur,
993 3283 1080 3364 quod
1100 3284 1140 3368 inp

138 3393 352 3480 sequentibus
378 3416 437 3476 per
463 3397 647 3475 serpentem
680 3396 884 3460 dictumest.
928 3395 1028 3460 Eritis
1051 3392 1137 3460 sicui

137 3509 203 3588 dii,
234 3508 321 3591 quod
353 3517 389 3570 ut
409 3510 557 3590 superius
580 3509 700 3574 dictum
723 3520 793 3588 est,
814 3510 848 3572 in
869 3506 1025 3573 Hebraeo
1049 3507 1136 3592 Elop

136 3637 255 3705 sonat,
286 3626 320 3688 id
351 3635 403 3688 est
432 3623 561 3688 divinae
587 3644 749 3707 personae
769 3625 877 3706 potius
900 3645 994 3707 qnam
1019 3624 1064 3688 dii
1080 3624 1136 3688 :di-

135 3742 238 3806 versi.
265 3737 457 3805 Nectameu
472 3745 501 3818 δ)
525 3732 634 3802 et‘itta
656 3737 820 3802 dominica
841 3739 1034 3819 increpatio,
1056 3759 1135 3802 ecce

136 3852 242 3921 Adam
267 3851 361 3936 quasi
381 3847 647 3914 unusexmcbis
663 3847 775 3915 ⁴factus
797 3863 854 3930 est
870 3864 903 3915 et
922 3871 1035 3914 rursus
1047 3851 1135 3935 quod

137 3945 288 4030 dominus
315 3961 381 4040 ait,
417 3961 652 4052 descendimus
683 3973 716 4027 et
747 3961 983 4050 confundamus
1005 3961 1139 4047 linguas
1211 4015 1213 4017 .
