2806 4492
1069 263 1157 334 XlX

2 427 19 524 ι’
118 553 121 560 Ι
144 443 497 555 comparationem
521 440 768 522 instituimus
794 439 859 542 ¹⁴),
896 440 1072 524 cundem
1099 439 1159 526 vi.

145 619 241 672 rum
257 593 310 672 ab
327 591 439 673 omni
449 589 692 672 auctoritate
711 587 892 671 bumana
904 589 1101 692 liberum,
1118 588 1156 645 ¹⁶)

25 765 38 784 ·
143 740 405 848 ingeniosum
442 763 491 818 ac
530 763 652 845 saepe
691 736 893 817 audacem
927 738 1155 847 scripturae
1284 744 1287 747 ’

26 915 39 930 ·
144 911 286 964 sacrae
313 897 704 985 commentatorem,
736 897 972 963 accuratum
998 898 1040 964 et
1072 881 1156 966 dili-

16 1017 39 1080 ’·
144 1044 311 1140 gentem
330 1030 579 1140 antiquitatis
603 1044 956 1138 perscrutatorem
979 1056 1056 1110 nec
1080 1007 1154 1110 mi·

26 1208 39 1224 ·
143 1179 221 1255 nus
235 1175 446 1256 hominem
460 1175 668 1285 perfectae
684 1176 827 1256 aetatis
844 1203 940 1256 suae
958 1202 1007 1256 ac
1022 1175 1155 1256 varia·

143 1349 239 1402 rum
270 1324 508 1431 opinionum
539 1323 581 1402 in
610 1349 659 1404 ea
682 1322 934 1404 auctoritatis
963 1317 1059 1432 quid
1085 1318 1155 1400 ba·

27 1501 39 1520 ·
140 1461 326 1578 bentium
336 1469 479 1550 notitia
486 1467 747 1578 gaudentem,
768 1469 1012 1576 reperimus.
1041 1464 1154 1544 Idem
1242 1491 1249 1506 ·

75 1684 77 1686 ,
144 1639 319 1722 prorsus
336 1616 471 1695 locum
484 1615 662 1715 habebit,
681 1618 715 1695 si
727 1628 947 1696 tractatum
964 1627 1153 1694 nostrum
1274 1647 1280 1674 ·

102 1779 105 1786 ·
143 1784 238 1838 cum
257 1763 404 1842 ceteris
426 1761 647 1844 Abaelardi
661 1760 837 1869 scriptis,
853 1759 1041 1868 inprimis
1058 1784 1152 1839 oum

11 1902 19 1920 ⁸
143 1905 371 2015 Theologia
386 1906 606 1988 christiana
635 1920 676 1986 et
697 1905 994 2002 commentario
1020 1906 1065 1984 in
1085 1931 1150 2014 ep.

141 2049 195 2131 ad
205 2053 414 2134 Romanos
424 2067 544 2162 atque
554 2052 796 2160 fragmentis
808 2079 861 2132 ex
878 2048 962 2161 ejus
971 2050 1149 2160 scriptis,
1233 2065 1238 2090 “

31 2191 36 2210 ’
140 2226 245 2310 quae
300 2199 408 2311 apud
449 2199 708 2284 adversarios
765 2205 931 2300 extant,
988 2223 1152 2307 compa·

28 2383 37 2400 ·
137 2346 370 2430 raverimus
404 2341 454 2429 ¹⁶³.
510 2349 632 2463 Quod
669 2376 720 2430 eo
753 2348 887 2460 magis
914 2359 1059 2430 notatu
1072 2343 1078 2358 '
1092 2342 1150 2426 di·

145 2577 352 2592 m

137 2702 196 2776 14)
227 2693 297 2759 cn.
322 2715 353 2758 e.
374 2717 407 2780 g.
443 2694 565 2758 lntrod.
597 2695 641 2759 L.
664 2693 691 2758 Ι.
715 2714 744 2758 c.
767 2699 799 2756 2.
833 2713 906 2756 cum
939 2711 968 2756 c.
990 2696 1032 2756 28
1066 2687 1145 2754 libri

223 2809 338 2872 nostri.

11 2990 26 3019 ‚2-
136 2949 194 3024 15)
222 2966 250 3008 c.
276 2947 316 3008 25
338 2940 415 3008 libri
445 2940 564 3004 nostri:
596 2939 656 3004 sed
686 2937 774 3002 dicat
795 2936 1063 3032 Augustinus
1087 2955 1145 2998 vo·

222 3055 517 3132 humamanam,
541 3072 718 3115 noscero
741 3050 878 3114 dicimus
902 3059 967 3112 etc.

134 3195 192 3272 16)
222 3187 259 3271 Si
280 3210 375 3274 quem
398 3209 439 3252 ea
455 3185 677 3251 contradictio
702 3184 861 3263 offendat,
893 3203 990 3267 quam
1013 3180 1145 3247 obviam

219 3300 378 3366 babemus
400 3303 434 3364 in
460 3297 570 3364 verbis
595 3297 827 3362 Confessionis
858 3302 925 3378 (ep.
948 3302 989 3361 20
1011 3293 1145 3374 „solum

221 3413 325 3479 filium
346 3413 414 3478 Dei
437 3414 644 3477 incarnatum
675 3407 833 3492 profiteor
843 3417 891 3473 ‘ut
913 3429 973 3473 nos
996 3430 1017 3473 a
1039 3410 1143 3473 servi·

220 3537 289 3590 tute
316 3525 443 3606 pcccati
474 3534 508 3587 et
532 3544 551 3587 a
575 3525 682 3608 jugo
705 3521 888 3587 Diaboli
912 3497 1087 3600 liberaret,
1111 3532 1144 3584 et

220 3658 383 3720 supernae
413 3636 538 3700 aditum
558 3640 657 3699 -vimo
687 3647 793 3700 morto
815 3655 875 3699 aua
897 3633 993 3698 nobis
1015 3653 1143 3700 resera·

217 3757 312 3831 rct“)
335 3733 408 3815 cum
430 3749 546 3815 verbis'
565 3750 669 3812 nostri
690 3746 767 3812 libri
793 3752 838 3827 (c.
861 3744 918 3828 23)
940 3743 1092 3830 collatis,
1111 3746 1141 3809 is

218 3866 342 3951 cogitet
364 3861 502 3926 eandem
524 3860 818 3929 contradictionem
834 3861 870 3924 in
896 3857 1142 3924 Commentario
1254 3936 1256 3942 Ι

219 3997 318 4060 super
342 3973 516 4058 epistolam
539 3973 581 4038 ad
595 3971 764 4038 Romanos
786 3976 832 4051 (c.
850 3975 886 4054 3)
917 3972 1058 4054 reperiri
1070 3970 1143 4050 (cfn
