2774 4486
583 109 586 118 v

754 239 756 248 ι
1018 251 1021 256 ,
1082 233 1101 250 “«

221 341 356 428 quidem
380 336 568 406 coniectura
587 357 655 405 non
676 336 774 407 video
794 345 861 428 quo
884 361 920 404 sa
942 337 1043 428 possit
1063 337 1156 404 tueri.
1195 335 1285 426 Igitur

220 445 379 512 adversus
412 443 512 511 alium
552 457 691 528 eamque
721 441 948 508 recentiorem·
983 440 1193 528 scriptionem
1222 467 1287 512 suo

222 555 392 614 rexerunt.

303 648 366 714 His
383 646 529 714 breviter
542 645 585 712 de
598 643 720 712 horum
735 643 901 740 librorum
918 653 1024 712 aetate
1044 644 1212 736 disputatis
1228 671 1285 718 uon

221 749 321 818 credo
334 771 530 816 consensum
541 749 636 816 illum
645 748 733 814 inter
747 749 924 836 prologum
940 746 1192 816 introductionis
1205 761 1285 835 atque

220 851 395 919 historiam
409 852 630 918 calamitatum
651 850 727 916 satis
748 849 916 936 reiragsri.
959 851 1052 917 Haec
1064 850 1197 937 quidem
1212 851 1286 919 diffi-

220 955 325 1020 cultas
353 975 419 1040 quo
444 943 546 1020 modo
565 951 747 1020 'commode
771 952 940 1018 removeri
964 963 1077 1040 queat,
1105 975 1174 1019 non
1194 954 1285 1020 video.
1325 939 1328 950 ’

219 1057 309 1124 Nam
325 1055 424 1122 nimis
438 1057 593 1122 audacter
601 1054 789 1133 coniicercs,
803 1053 1032 1123 Ahaelardum
1045 1078 1111 1120 nno
1123 1055 1287 1143 eodemque

216 1158 292 1224 iera
307 1169 456 1246 temporo
471 1170 612 1246 utraque
625 1158 803 1248 scriptione
824 1157 960 1241 (iutrod.
974 1169 1006 1223 et
1019 1157 1093 1223 hist.
1108 1157 1183 1244 cal.)
1205 1181 1287 1224 oocu-

219 1273 333 1352 patum
355 1259 505 1328 diversas
527 1267 580 1332 re‘s
599 1283 711 1328 secum
732 1259 918 1341 ronliudisso
939 1271 971 1328 et
987 1283 1086 1347 quam
1105 1261 1288 1329 introductio

221 1363 384 1438 habuisset
410 1365 615 1430 occasionem
643 1375 741 1448 atque
772 1363 961 1438 consilium,
998 1361 1039 1427 sd
1063 1363 1236 1446 tractuum
1254 1367 1288 1432 de

218 1465 346 1532 ¹unitate
358 1475 392 1530 et
403 1464 549 1531 trinitate
560 1464 673 1531 diviua
686 1463 853 1532 retulisse:
883 1465 1059 1531 concilium
1075 1477 1187 1532 autem
1203 1467 1289 1533 Sues·

220 1567 375 1634 sionensa
394 1567 498 1634 serius
522 1567 671 1632 habitum
694 1579 763 1634 esse
788 1567 965 1652 quominus
993 1577 1131 1647 statuas,
1160 1569 1289 1636 rationes

219 1673 398 1763 historicae
417 1689 540 1754 eaeque
561 1669 649 1735 haud
671 1669 931 1735 contemnendae
944 1669 1133 1756 impediunt
1145 1669 1216 1751 (cfr.
1230 1671 1290 1738 Ns·

220 1775 294 1841 teliu
307 1774 406 1840 Alex.
423 1771 499 1864 hist.
514 1770 591 1836 eccl.
606 1770 665 1837 Vl.
683 1771 758 1838 diss.
774 1771 805 1834 7.
820 1783 880 1836 art·
897 1771 954 1856 7.).
987 1771 1215 1839 Nihilominus
1231 1797 1287 1840 non
1346 1777 1347 1784 '

222 1877 354 1952 dubito,
383 1873 463 1959 quin
486 1873 549 1938 hoc
567 1873 682 1940 saltem
703 1871 919 1940 obtinendum
941 1870 998 1954 sit,·
1024 1874 1287 1942 introductionem

219 1991 253 2045 et
268 1978 438 2066 Augustae
452 1974 666 2040 Suessionum
680 1977 830 2044 damnari
847 1999 914 2042 non
930 1975 1083 2065 potuisse,
1099 1990 1131 2043 et
1148 1977 1289 2044 ultimum

220 2081 344 2147 librum
359 2079 535 2166 dogmatici
547 2080 734 2164 argumenti
752 2071 868 2154 luisse,
889 2099 988 2159 quem
1004 2079 1210 2146 Abcelardus
1224 2091 1288 2145 ante

219 2181 356 2248 alteram
380 2181 596 2248 calamitatem
618 2181 742 2272 publici
761 2182 843 2248 iuris
866 2179 990 2252 lecerit.
1036 2183 1131 2264 Hoc,
1156 2183 1287 2267 inquam,

219 2283 436 2350 obtinendum
457 2283 606 2361 videtur,
635 2285 741 2351 donec
759 2285 900 2352 meliora
919 2297 1016 2370 atque
1031 2286 1175 2352 certiora
1187 2285 1286 2369 aliquia

216 2385 373 2476 inprimis
386 2407 515 2462 eorum,
535 2385 642 2472 quiin
657 2385 751 2453 istius
766 2385 889 2453 saeculi
904 2387 1087 2455 rationibus
1100 2386 1288 2456 illustrandis

219 2509 356 2578 operum
370 2509 464 2566 suam
478 2488 641 2566 collocare
655 2489 824 2572 feruntur,
845 2489 990 2560 edoceat.
