2798 4486
762 149 777 182 Ι

230 197 283 270 22

235 368 275 437 ab
296 367 382 462 ipso.
426 366 529 458 Quod
554 367 650 436 etiarn
673 366 744 461 ipse
773 382 943 460 repetens,
970 381 1007 434 ut
1035 363 1139 458 magis
1167 390 1235 434 me·
1307 385 1310 392 ⁴

234 481 356 550 moriae
380 480 587 550 commendet
609 477 726 573 adjecit
745 486 792 566 ¹):
827 477 951 572 eritque
972 493 1104 572 pactum
1126 467 1237 545 meniu
1254 504 1259 538 :

234 591 388 662 incarne
410 611 518 690 restra
541 593 574 664 in
596 591 715 661 foedus
744 606 931 674 aeteruum3
960 606 996 658 ut
1025 589 1237 685 quomadmo-

159 763 163 770 .
236 703 312 772 dum
337 706 458 774 scilicet
477 704 684 802 'circumcisio
708 703 744 772 in
768 727 865 771 carue
887 703 988 772 semel
1010 701 1096 770 lacta
1114 701 1238 771 aboleri

234 817 300 907 jam
330 844 397 887 nou
426 831 549 912 potest,
586 817 632 886 sic
664 816 981 910 nequeamus‘adco
1010 814 1142 890 ulterius
1174 813 1239 882 dis·

235 928 341 1021 jungi,
369 931 423 1026 qui
446 955 508 1000 nos
532 928 714 1024 spiritaliter
736 927 803 1018 [vel
826 926 1029 1022 specialiter]
1048 925 1238 996 confortans

238 1039 282 1108 ait
307 1050 364 1129 2);
401 1040 499 1111 Eritis
524 1041 601 1110 milri
624 1043 657 1109 iu
679 1040 839 1136 populum
868 1056 900 1108 et
922 1065 985 1132 ego
1008 1037 1101 1108 vobis
1126 1037 1239 1108 eruin

238 1152 346 1221 deum.
390 1153 488 1222 Unde
512 1170 546 1222 et
567 1154 663 1222 deuur
688 1151 872 1246 specialiter
899 1145 1143 1234 Hebraeorum,
1170 1175 1240 1219 nou

167 1343 172 1358 Ι
238 1279 363 1334 tautum
387 1266 484 1335 deum
507 1265 688 1350 Abrabam,
716 1265 810 1334 Isaac
835 1280 866 1332 et
888 1263 993 1332 Jacob
1014 1287 1052 1333 se
1081 1263 1151 1357 ipsc
1179 1286 1239 1331 no-

237 1375 346 1449 minat.
379 1377 543 1447 Intentum
559 1403 635 1446 vero
656 1403 693 1445 ex
707 1374 954 1445 circumcisione
976 1375 1055 1443 deus
1077 1376 1144 1444 sive
1159 1375 1239 1444 filiu-²

238 1513 307 1556 rum
327 1489 423 1576 (sive)
444 1493 512 1584 ejus
533 1489 601 1558 lieri
621 1488 773 1572 innuitur,
790 1488 844 1584 qui
863 1505 938 1556 autc
959 1487 1240 1556 circumcisionem

239 1625 301 1669 nec
323 1601 450 1687 borum,
474 1629 535 1672 nec
557 1599 728 1670 hominum
752 1599 832 1668 deus
856 1599 897 1668 sit
918 1598 1110 1694 appellatus.
1150 1596 1240 1668 Con·

83 1716 110 1727 ''
144 1723 150 1738 ²
240 1739 353 1804 gruum
384 1731 491 1784 autem
522 1713 663 1808 foederis
693 1712 823 1805 signum
853 1713 936 1781 inter
964 1738 1000 1782 se
1031 1727 1063 1780 et
1091 1736 1152 1782 nus
1182 1711 1241 1779 cir·

242 1826 451 1896 cumcisionis
480 1827 631 1908 instituit3
658 1840 694 1892 ut
717 1824 771 1919 qui
793 1823 848 1893 illo
871 1825 1017 1894 membro
1041 1823 1165 1893 scilicet
1186 1851 1242 1916 ge·

167 1974 169 1980 ·
241 1955 410 2022 necantur,
439 1939 529 2034 quod
558 1935 740 2032 specialiter
767 1953 844 2030 post
873 1953 1046 2030 susceptae
1077 1935 1260 2006 circumi-¹

241 2049 344 2118 sionis
370 2051 587 2120 obedientiam
613 2045 837 2134 cousecratur,
860 2075 899 2118 ex
922 2049 995 2142 ipso
1016 2073 1147 2144 quoque
1162 2074 1242 2119 suae

242 2163 460 2254 generationis
490 2166 707 2231 instrumento
737 2187 771 2230 se
798 2160 1151 2231 sanctificaridomino
1174 2185 1242 2231 am·
1294 2150 1297 2158 ¹

152 2319 155 2327 ·
197 2346 202 2360 ,
241 2292 452 2358 moneantur,
483 2291 518 2343 ut
547 2275 594 2342 sic
622 2272 773 2344 videlicet
799 2273 933 2341 interius
958 2272 1083 2342 avitiis
1108 2274 1243 2342 circum·

242 2386 392 2455 cidantur
413 2387 447 2454 in
472 2386 586 2468 corde,
614 2384 696 2453 sicut
716 2388 781 2478 jam
806 2385 943 2454 exterius
966 2384 1144 2454 circumcisi
1167 2400 1244 2454 sunt

242 2495 406 2580 incarue3
428 2514 459 2566 et
474 2521 493 2565 a
507 2497 721 2592 praecedente
736 2522 796 2564 sua
809 2495 1010 2566 ¹Caldeorum
1024 2497 1087 2590 (in)
1100 2496 1243 2565 fidelium

65 2640 79 2653 ¹
143 2631 144 2636 ’
244 2609 385 2701 origine,
413 2610 458 2678 ita
487 2611 637 2679 moribus,
663 2633 699 2678 se
728 2625 912 2716 amputent,
940 2610 1022 2678 sicut
1047 2609 1185 2702 primam
1205 2607 1263 2676 il-‚

244 2720 320 2790 lius¹
336 2720 471 2790 membri
499 2739 625 2816 partem
655 2745 675 2789 a
703 2745 738 2790 se
765 2739 987 2808 removerunt,
1016 2747 1084 2790 nou
1114 2737 1179 2789 tam
1201 2721 1250 2789 ab·

245 2833 291 2902 eis
320 2861 395 2902 eum
419 2834 584 2904 Abraham
614 2860 750 2928 corpore
775 2837 873 2928 quam
896 2833 1244 2926 menteegredientm,

245 2949 328 3016 sicut
356 2943 463 3012 David
495 2953 732 3015 commemorat
763 2945 890 3015 fidelem
924 2945 1066 3014 animam
1102 2944 1244 3013 invitans

246 3060 306 3130 sic:
342 3057 545 3126 Obliviscere
570 3058 728 3152 populum
751 3076 841 3128 tuum
865 3075 896 3127 et
912 3057 943 3127 d.
959 3084 993 3152 p.
1007 3073 1030 3126 t.
1047 3073 1106 3130 etc.
1147 3056 1244 3132 Unde

178 3205 179 3210 ¹
225 3188 278 3243 'ct
301 3171 451 3240 dominus
474 3170 631 3263 populum
654 3171 767 3241 vineae
792 3193 986 3265 comparans
1011 3169 1143 3251 electae,
1166 3192 1245 3236 con-

247 3283 399 3379 queritur,
423 3308 457 3350 se
478 3299 681 3376 exspectasse
702 3282 876 3351 utlaceret
895 3307 975 3352 uvas
998 3299 1029 3351 et
1047 3280 1123 3350 lecit
1139 3279 1245 3348 labru-

247 3421 329 3468 scas.
349 3403 382 3484 ³)
421 3391 512 3461 Sicut
535 3412 643 3462 autem
667 3411 754 3463 totus
779 3397 847 3488 ejus
863 3395 1006 3490 populus
1024 3394 1137 3464 vineae
1156 3418 1245 3462 com·

247 3524 392 3602 paratur,
415 3497 477 3574 ,sic'
505 3504 624 3598 singuli
651 3494 763 3576 fideles
792 3506 908 3576 vitibus
926 3525 964 3577 et
987 3533 1100 3576 eurum
1122 3504 1247 3596 genita·

245 3613 539 3716 liapropaginibus
562 3617 628 3706 [vel
642 3613 843 3712 palmitibus]
865 3645 1010 3715 congrue
1026 3616 1246 3692 conferuntur.
1263 3679 1265 3681 ,

265 3829 468 3903 1)Exod.Vl‚
489 3836 514 3888 7.

263 3927 299 3997 2)
318 3925 385 3983 Gen
402 3925 491 3995 XVII,
510 3930 551 3984 13.

264 4019 468 4093 ὮΜἎἏ
