2806 4492
1025 205 1147 326 xxm
1253 328 1261 359 ι

10 479 21 528 2
149 433 252 518 lardi
267 432 586 518 machinationes
600 432 708 543 justa
717 434 832 516 lance
849 433 1150 544 ponderandas,
1166 489 1176 514 .

10 627 20 678 ι
148 581 199 678 ad
232 581 449 662 veritatem
480 579 548 662 vel
583 578 799 661 salsitatem
830 580 1151 692 opprobriorum

10 775 18 824 l

149 728 185 806 ei
211 709 430 809 factorum·
444 728 804 835 perscrutandam,
833 730 885 810 ad
910 727 1059 838 justam
1085 727 1153 809 de·

10 921 16 969 ς
148 872 449 954 fensionum'ob
463 875 552 982 ipso
573 871 852 981 prosectarum
870 875 908 928 ’Τ
926 876 993 956 vel
1006 874 1050 954 in
1064 870 1153 983 ejus,
1255 962 1259 974 ,

10 1069 15 1116 ;,
148 1020 324 1128 gratiam
348 1033 629 1126 susceptarum
642 1017 679 1071 Ρ)
715 1020 1061 1122 aestimationem,
1088 1045 1153 1101 ac·

10 1235 14 1244 .
149 1163 476 1246 comodatissima
507 1191 597 1246 esse
624 1165 818 1247 videtur.
850 1163 934 1248 Sed
960 1164 1011 1250 do
1039 1165 1152 1248 hisce

234 1509 442 1586 646-664).
483 1510 516 1584 o)
544 1498 695 1586 Epistola
724 1501 966 1583 Samounis,
995 1487 1152 1590 Archiep.
1182 1555 1185 1568 .

235 1616 408 1684 Remensis
441 1628 474 1681 et
501 1613 597 1680 aliur.
630 1616 672 1680 ad
705 1615 932 1681 Innocentium
959 1615 999 1682 P.
1035 1614 1152 1697 (Bern.

235 1751 308 1813 opp.
333 1728 375 1794 Τ.
397 1729 425 1794 1.
456 1751 488 1811 p.
513 1733 601 1808 184.)
619 1714 621 1719 ’
641 1729 675 1810 d)
699 1728 871 1811 Rescripta
902 1726 1156 1796 Innocentii

233 1840 272 1926 P.
296 1853 410 1906 eontra
433 1841 589 1905 haereses
611 1840 649 1904 P.
673 1838 793 1909 Abael.
817 1839 931 1918 (Bern.
958 1861 1031 1922 opp.
1057 1839 1102 1906 T.
1123 1839 1153 1906 I.

234 1977 268 2036 p.
282 1957 369 2034 186.)
393 1959 426 2033 e)
450 1949 682 2016 Gualterus
705 1951 746 2014 de
758 1949 970 2016 Mauretania
991 1951 1052 2034 Ep.
1062 1952 1154 2017 Lau·

236 2066 406 2142 dunensis,
430 2086 482 2145 ep.
505 2062 546 2128 ad
567 2063 608 2128 P.
629 2061 851 2128 Abaelardum
873 2059 1066 2145 (Dachery,
1088 2064 1156 2144 api·

236 2176 293 2242 cil.
316 2189 383 2240 vet.
413 2198 494 2241 scrr.
518 2175 561 2241 Τ.
583 2174 645 2239 Ill.
674 2198 707 2258 p.
732 2177 795 2240 524
817 2178 905 2258 sqq.)
939 2173 966 2254 l)
989 2172 1156 2242 Bobertut

237 2288 264 2353 P
274 2287 444 2374 ulleyn,
465 2286 616 2352 observ.
651 2297 764 2351 contra
796 2283 913 2350 Abael.
944 2285 980 2348 in
1015 2283 1158 2354 Senten-

154 2383 157 2390 ¹
228 2401 355 2490 'tiaram
388 2401 475 2466 libro
503 2399 531 2464 1.
563 2402 701 2466 artic?
735 2400 776 2464 da
808 2400 1047 2482 omnipotentia
1076 2397 1157 2465 Dei.

166 2531 169 2538 ’
237 2513 315 2593 (Ed.
338 2513 384 2578 D.
408 2512 454 2578 H.
477 2510 653 2578 Mathoud.
675 2510 753 2577 Par.
777 2515 887 2594 1655.)

153 2673 211 2749 24)
240 2673 275 2748 a)
300 2659 476 2731 Confessio
497 2657 564 2744 '(=
586 2663 767 2752 apologia).
810 2659 985 2728 Universis
1014 2659 1097 2728 eccl.
1121 2659 1159 2728 S.

117 2845 122 2853 ,
201 2816 205 2826 ·
241 2777 324 2846 filiis
345 2777 386 2844 P.
410 2775 617 2862 Abaelardps
640 2799 683 2841 ex
705 2778 753 2845 cis
775 2791 860 2842 unus
882 2776 942 2842 aad
971 2777 1009 2842 in
1028 2775 1079 2842 eis
1097 2775 1160 2851 mi·

173 2944 177 2952 .
241 2893 360 2958 nimus.
383 2891 457 2973 (Ep.
480 2897 533 2956 ao.
557 2910 631 2974 opp.
653 2913 686 2972 p.
707 2861 797 2970 aio).
831 2887 866 2967 b)
891 2888 952 2972 Ep.
975 2893 1029 2956 m.
1052 2888 1093 2953 ad
1116 2883 1159 2954 G.

237 3005 346 3071 Paris.
357 3005 565 3088 Episcopum.
589 3011 621 3081 c)
644 3001 795 3066 Historia
808 3002 1032 3066 calamitatum
1044 3023 1072 3064 c.
1086 3005 1159 3065 9-

241 3123 292 3184 11.
336 3117 380 3218 (1)Ι
403 3105 467 3198 ΕΡ.
501 3116 544 3179 ad
578 3109 772 3178 Heloissam
808 3134 913 3178 suam.
956 3109 1057 3196 (Opp.
1092 3099 1159 3177 Ab.

239 3235 383 3313 p.'308.)
542 3249 545 3256 ·
720 3247 724 3255 ’
997 3253 1000 3260 ’

132 3386 212 3464 ct)
240 3383 500 3472 Bporongarii
538 3363 728 3484 scholast,
768 3376 1004 3463 Apologeticus
1043 3387 1161 3445 contra

241 3496 464 3571 Be‘rnardum3
497 3517 570 3562 cum
604 3514 668 3578 quo
698 3490 909 3558 conferantur
942 3491 999 3575 Ej.
1022 3505 1095 3576 epp.
1116 3491 1163 3557 ad

238 3609 396 3696 Episcop.
418 3609 652 3674 Mimatensem
687 3585 869 3671 utcontra
888 3600 1160 3688 carthusienses.

182 3787 186 3798 ,
242 3728 332 3814 (opp.
361 3721 483 3788 Abael.
505 3745 538 3804 p.
562 3723 772 3800 tua-329.)
803 3715 847 3783 V
871 3735 1001 3800 quoque
1033 3712 1162 3779 Otto·

194 3907 196 3916 ,
233 3823 333 3901 'nam
355 3835 619 3921 Friaingenscm,
653 3833 695 3912 de
730 3817 835 3918 gas'ti's
863 3823 1023 3896 l'nlderici
1043 3823 1072 3895 l.
1096 3825 1161 3892 lm·
1283 3865 1284 3870 κ

175 3983 197 3996 ..
243 3967 313 4030 pen·
335 3948 379 4014 l..
401 3945 430 4012 I.
452 3969 483 4012 c.
504 3951 559 4024 47.
941 3945 945 3954 '
1050 3943 1053 3955 '
