2740 4486
1092 244 1146 322 ³1

141 415 371 498 abundatioris
393 415 523 504 gratim
551 413 694 494 donum,
724 435 819 500 quam
840 416 1006 498 acceptior
1036 417 1081 480 sit
1102 418 1148 497 ei,

61 537 65 544 '
142 534 197 616 qui
227 529 337 595 sobrie
367 532 451 594 vivit
492 541 526 594 et
554 549 592 594 sa
625 526 793 594 illecebris
822 526 922 612 hujus
949 529 1062 594 mnndi
1090 549 1148 612 per

141 656 340 712 contemtum
375 644 449 727 ejus
484 641 668 722 subtrahit,
705 664 802 727 qnam
837 643 896 726 qui
926 625 1149 726 voluptatibus

143 761 215 844 ejus
239 758 369 822 deditus
392 758 559 838 spurcitiis
589 755 738 822 omnibus
769 777 806 820 se
824 758 990 843 inmergit.
1036 753 1149 830 Quan-

142 882 196 936 tae
229 883 339 935 autem
370 869 591 934 abstinentiae
621 869 677 936 vel
707 873 931 937 continentiae
958 869 1149 955 philosophi

143 984 279 1062 luerim,
303 987 411 1048 sancti
433 985 709 1054 etiamdoctores
731 977 959 1072 tradunt,'qui
982 999 1151 1052 eteorum

142 1101 243 1164 vitam
268 1098 310 1162 ad
335 1110 482 1197 nostram
509 1099 768 1182 increpationem
798 1101 957 1166 inducunt
987 1113 1020 1184 et
1041 1101 1150 1183 plera-

144 1233 206 1296 que
236 1234 278 1276 ex
308 1212 511 1276 documentis
536 1233 651 1276 eorum
671 1212 853 1278 moralibus
875 1211 929 1278 vcl
952 1215 1150 1279 testimoniis
1234 1251 1235 1269 κ

142 1327 223 1394 fidei
245 1327 287 1391 ad
309 1327 574 1392 aedificationem
595 1341 741 1392 nostram
764 1341 952 1404 assumunt3
985 1332 1072 1412 quod
1094 1309 1150 1413 qui

143 1443 290 1528 ignorat,
312 1441 405 1528 legat
424 1441 543 1507 saltem
558 1441 797 1526 Hieronymum
812 1455 925 1507 contre
938 1441 1151 1508 Jovinianum

144 1569 179 1622 et
203 1557 325 1620 viderit
348 1567 469 1638 quanta
491 1556 532 1620 de
554 1577 668 1620 eorum
689 1555 862 1650 virtutihus
877 1555 932 1621 vel
946 1569 1152 1622 caeterorum

148 1673 320 1758 gentilium
341 1671 478 1750 referat,
503 1671 544 1736 ad
560 1673 793 1754 impudentiam
811 1671 940 1738 scilicet
959 1671 1053 1738 illius
1076 1672 1154 1738 hae·
1175 1735 1177 1742 .

143 1788 241 1850 retici
265 1783 511 1850 conterendam.
541 1783 690 1848 Maxime
713 1797 822 1850 autem
846 1798 879 1848 et
902 1805 962 1850 nos
976 1784 1152 1869 bocopere

145 1902 344 1966 testimoniis
368 1922 428 1964 seu
456 1898 641 1964 rationibus
672 1897 941 1981 philosophorum
962 1904 1011 1964 uti
1031 1923 1152 1966 couve-
1213 1987 1214 1992 ἵ

145 2015 214 2086 nit,
258 2016 291 2077 in
329 2035 393 2096 qno
420 2012 589 2076 ‘adversus
620 2033 677 2075 eos
706 2014 881 2095 praecipue
910 2013 1055 2098 agimus,
1096 2018 1152 2098 qui

142 2125 244 2190 ,fidem
267 2138 414 2190 nostrum
443 2123 682 2206 philosophicis
711 2126 858 2188 nituntur
881 2146 1068 2212 oppugnare
1093 2128 1152 2192 do·
1199 2122 1202 2130 ‘

146 2239 322 2315 conuentis,
346 2240 539 2318 praesertim
561 2261 633 2302 cum
655 2259 751 2302 nemo
776 2239 962 2324 arguendus
977 2246 1006 2319 θ)
1028 2242 1073 2304 sit
1093 2254 1152 2306 aut

109 2417 112 2428 ,
147 2351 410 2429 convincendus,
442 2363 475 2415 et
504 2350 564 2414 ille
592 2353 694 2416 nimia
722 2351 917 2416 confusione
950 2330 1151 2434 abuteretur,

145 2465 201 2548 qui
222 2485 280 2546 per
302 2464 417 2527 eadem
439 2465 599 2542 vincitur,
630 2485 690 2546 per
711 2485 795 2546 quae
817 2465 951 2528 vincere
974 2464 1151 2532 nitebatur.

144 2574 368 2656 Philosophos
399 2589 508 2639 autern
537 2597 636 2640 unum
659 2587 784 2640 tautum
806 2576 915 2641 Deum
936 2567 1152 2664 cognoscere,

146 2709 231 2754 unus
254 2709 298 2751 ex
320 2689 402 2769 iperi
424 2687 557 2752 Tullius
588 2691 624 2754 in
652 2690 754 2770 primo
784 2687 1022 2756 rhetoricorum
1044 2691 1154 2773 perhi-
1242 2772 1244 2786 Ι

142 2799 203 2865 het
224 2801 352 2864 dicens:
382 2795 445 2863 ¹eos
468 2802 522 2883 qui
544 2799 774 2883 philosophiae
798 2803 876 2867 dent
898 2791 1050 2885 operam,
1081 2825 1148 2869 non

147 2911 304 2978 arbitrari
326 2911 406 2976 deos
429 2933 518 3009 esso.
546 2913 596 2978 Ao
610 2903 647 2978 'si
668 2929 781 2998 operte
804 2916 905 2994 dieat,
926 2919 1026 2981 immo
1042 2917 1152 2983 Deum

146 3049 260 3105 unum,
282 3047 347 3090 non
371 3023 483 3107 plures
506 3043 593 3088 esse.
625 3023 691 3100 Qui
713 3028 823 3106 etiam,
849 3027 992 3110 qualiter
1002 3028 1077 3094 Deo
1099 3052 1169 3098 re·¹
1205 3072 1209 3080 ·

148 3140 296 3218 velante,
319 3138 358 3202 ad
371 3139 476 3221 ipsius
492 3139 648 3204 trinitatis
672 3137 816 3204 divinam
837 3142 1059 3226 cognitionem
1075 3165 1153 3208 con-

149 3252 371 3338 scenderi[n]t
384 3251 508 3317 Paulus
522 3251 703 3336 apostolus,
725 3255 760 3318 in
779 3254 920 3336 epistola
932 3253 1153 3323 atlBomanos
1204 3290 1206 3298 ¹

145 3378 297 3450 patenter
317 3369 464 3431 insinuat
486 3367 621 3444 dicens,
650 3366 737 3450 quod
759 3378 870 3432 notum
895 3378 946 3430 cst
966 3365 1052 3448 Dei,
1081 3392 1152 3436 me·

147 3480 305 3546 uilestum
327 3493 378 3545 cst
398 3483 433 3546 in
453 3481 536 3546 illis.
580 3481 673 3547 Deus
705 3484 792 3546 enim
815 3480 884 3547 illis
906 3483 1151 3556 manifestavit3

147 3591 329 3656 invisibilia
361 3597 448 3660 eninr
479 3596 584 3677 ipsius
619 3615 639 3658 a
666 3607 821 3662 'creatura
853 3595 987 3675 mnndi,
1019 3617 1078 3678 per
1099 3617 1153 3674 ea,

147 3727 231 3790 qnae
254 3705 343 3771 lacte
366 3705 649 3788 sunt,.intellecta
672 3709 928 3792 conspiciuntur,
952 3710 1154 3790 sempiterne

146 3840 276 3902 qnoque
298 3821 497 3908 virtusejus
520 3832 555 3887 et
577 3823 759 3900 diviuitas,
785 3821 834 3884 ita
863 3832 901 3884 ut
928 3821 995 3884 sint
1015 3823 1153 3886 inexcu-

146 3930 291 4013 sabiles,
331 3935 408 4018 quia
447 3955 520 4000 conr
556 3935 791 4022 cognovissent
821 3932 932 4000 Deum
967 3952 1034 3998 non
1066 3932 1153 3998 ment
