2798 4486
234 239 259 312 4

184 434 186 440 ’
234 407 383 478 Audiens
406 407 537 502 sapiens
568 403 844 501 sapientior-erit,
872 403 1056 497 intelligens
1079 406 1239 499 guberna·

237 514 348 591 culum'
367 518 556 616 possidebit.
601 517 645 587 Et
665 517 813 588 Jacobns
836 517 1005 613 apostolus
1029 525 1076 606 ¹)=
1106 517 1168 604 Sit,
1189 518 1239 588 in·

237 634 315 730 quit,
338 631 575 726 omnishomo
588 629 683 702 velox
706 629 749 728 ad
766 629 976 714 audiendum,
998 630 1109 702 tardus
1124 613 1240 724 ¹autent

237 747 279 816 ad
301 744 512 840 loquendum.
722 738 724 749 Ι
1096 761 1120 838 J

240 847 242 862 '
325 857 537 940 Assentiuut,
570 854 611 925 de
634 869 747 924 nostro
763 877 910 924 assensn
936 852 1146 947 gratulantes.

249 1001 252 1006 ¹
324 967 617 1064 Rhilosophus.
660 967 776 1036 Meum
799 983 858 1052 est,
880 965 1001 1062 iuquit,
1022 966 1166 1061 primum
1186 994 1238 1038 ce·

238 1102 325 1155 teros
354 1081 571 1174 interrogare,
601 1079 657 1176 qni
686 1095 721 1149 et
747 1079 893 1150 naturali·
907 1078 998 1171 lege,
1028 1103 1111 1174 quae
1134 1078 1239 1173 prima

238 1211 303 1277 est,
338 1209 511 1262 contentus
541 1217 625 1261 snm.
666 1191 722 1260 Ad
751 1193 815 1262 hoc
844 1215 904 1262 ros
932 1190 1003 1284 ipse
1033 1193 1239 1284 congregavi,

210 1323 273 1376 -nt
302 1305 343 1375 de
373 1304 590 1400 superadditis
621 1303 819 1399 inquirerem
848 1302 984 1398 scriptis.
1028 1302 1156 1399 Prima,
1190 1303 1238 1372 in-

238 1443 348 1513 quam,
362 1443 431 1487 non
446 1416 553 1486 solnm
569 1431 725 1510 tempore,
739 1405 852 1484 verrim
869 1414 966 1484 etiam
978 1432 1101 1490 natura.
1127 1414 1239 1487 Omne
1335 1439 1340 1448 ·

238 1531 359 1628 qnippe
389 1527 565 1624 simplicius
594 1525 783 1596 naturaliter
810 1525 900 1623 prius
930 1538 979 1599 es't
997 1527 1240 1622 multipliciori.
1343 1525 1349 1539 ’

170 1653 173 1667 ’
237 1643 309 1714 Lex
330 1667 409 1712 vero
431 1639 589 1709 naturalis
610 1639 646 1708 in
669 1638 801 1708 scientia
822 1664 962 1723 morum,
984 1664 1083 1733 quam
1102 1641 1241 1711 ethicam

239 1755 385 1838 dicimus,
403 1753 438 1822 iu
459 1752 539 1822 solis
560 1751 710 1823 consistit
729 1750 933 1821 documentis
952 1751 1140 1822 moralibus.
1171 1752 1239 1823 Ve·
1270 1805 1276 1819 .

239 1885 378 1938 strarum
399 1880 509 1940 autem
532 1863 642 1957 legum
671 1862 819 1958 doctrina
847 1862 896 1932 his
921 1863 1240 1958 quaedamenterio·

238 2009 310 2050 rum
333 1975 649 2071 signorumaddidit
670 1991 860 2070 praecepta,
883 1976 1084 2074 quaeynobis
1108 1963 1241 2046 omnino

238 2092 388 2163 videntur
411 2088 598 2185 superflua,
627 2087 668 2158 de
692 2088 811 2184 quibus
831 2087 931 2158 'etiam
959 2110 1019 2158 sno
1042 2089 1120 2160 loco
1145 2090 1243 2159 nobis
1307 2163 1308 2168 ,

239 2220 290 2275 est
312 2200 560 2273 conserendum.
810 2271 812 2274 ,
922 2269 923 2272 ,
953 2267 955 2298 :
1263 2210 1266 2214 ’

230 2397 235 2404 ¹
327 2313 489 2382 Aunnnut
515 2310 643 2406 utrique
672 2311 871 2406 philosopho
905 2312 1050 2408 priorem
1080 2311 1115 2382 in
1142 2311 1240 2408 hujus

239 2449 369 2524 pugnae
393 2415 575 2516 congressu
597 2422 717 2493 locum.
756 2457 771 2490 a

259 2608 275 2632 Ι,
328 2536 419 2605 Tum
441 2535 512 2604 illes
541 2535 648 2620 unde,
670 2535 791 2631 iuquit,
814 2536 920 2630 primo
943 2561 1010 2621 vos
1025 2537 1121 2607 simul
1142 2539 1241 2628 inter-

239 2675 332 2743 rogo,
356 2647 446 2743 qnod
465 2647 508 2715 ad
527 2671 587 2716 vos
606 2647 726 2743 pariter
744 2647 880 2718 attinere
900 2647 1006 2731 video,
1031 2650 1086 2744 qui
1103 2649 1241 2720 maxime

240 2761 362 2856 scripto
389 2753 679 2844 nitiminijutrum
705 2759 859 2831 'videlicet
885 2761 920 2829 in
942 2759 1005 2829 has
1028 2761 1105 2831 fidei
1133 2778 1240 2833 sectas

239 2874 322 2943 ratio
351 2897 411 2942 vos
439 2869 599 2940 induxerit
628 2869 751 2967 aliqua,
786 2895 829 2941 an
858 2872 962 2942 solam
991 2871 1044 2941 hic
1073 2873 1242 2943 hominurn

241 2983 439 3078 opinionem,
462 3008 501 3052 ac
523 2983 650 3074 generis
674 2971 962 3055 vestri'sectemini
983 3007 1143 3070 ammam,-
1162 3011 1242 3080 qoo-

239 3105 313 3166 rnm'
335 3094 466 3191 quidem
488 3094 625 3168 alterum
649 3099 703 3186 (Q.
717 3094 788 3188 V.),
810 3096 840 3166 si
861 3097 912 3181 sit,
933 3100 1071 3167 maxime
1095 3113 1145 3166 est
1166 3125 1241 3192 pro·

239 3207 401 3289 bandum,
426 3205 509 3276 sicut
530 3206 667 3276 alterum
689 3208 817 3303 penitus
840 3208 1093 3303 inprobandum.
1138 3208 1242 3300 Quod

156 3335 169 3353 ⁸
240 3333 351 3387 tamen
373 3343 501 3402 verum,
525 3329 726 3413 postremum
751 3345 841 3405 esse,
868 3321 988 3392 nullius
1010 3321 1152 3391 hominis
1176 3319 1242 3391 dis·

241 3428 321 3500 creti
343 3429 575 3499 conscientiam
600 3430 698 3500 credo
721 3456 856 3525 negare.
893 3434 944 3502 Ita
964 3457 1107 3528 namque
1130 3432 1242 3527 singu·

240 3539 279 3613 lis
301 3539 488 3611 hominibus
511 3541 633 3638 proprii
655 3545 783 3637 generis
811 3560 995 3631 eteorum,
1026 3571 1101 3615 cum
1124 3546 1242 3642 quibus

241 3652 437 3738 educantur,
458 3652 577 3722 ins-itus
598 3671 650 3725 est
671 3679 778 3742 amor,
810 3672 846 3728 ut
872 3674 985 3728 contra
1008 3681 1120 3739 corum
1143 3659 1241 3728 fidem

222 3764 394 3861 'quicquid
425 3763 566 3854 dicatur,
599 3766 813 3857 abhorreant;
845 3786 881 3842 ct
908 3769 1179 3852 consuetudinem
1205 3769 1241 3840 in

238 3913 441 3930 *-

258 3998 292 4070 1)
309 3997 363 4057 Jac.
382 3997 408 4068 l,
427 4003 469 4058 19.
