2798 4486
181 175 205 242 ⁸
274 229 323 308 ιι

233 467 235 472 ,
273 401 392 474 delicet
415 396 788 494 commodo'praecipue
808 395 952 468 instrati
973 396 1062 485 sitis,¹
1088 401 1179 498 quod
1201 411 1278 500 spe·¹
1382 405 1386 414 '

273 514 397 585 cialiter
424 537 464 583 ex
493 511 568 606 ipso
590 507 817 610 promissionis
839 509 949 582 debito
971 511 1064 582 vobis
1089 529 1141 584 est
1163 540 1275 611 exspe-

273 625 439 698 ctandum.
482 624 550 693 Ant
575 622 673 716 igitur
693 648 763 693 nou
782 621 925 717 impletis
947 621 1060 716 legem*
1077 640 1110 695 et
1129 651 1190 721 per
1211 627 1277 700 hoc

271 720 481 809 maledictum
509 733 593 828 legis
621 733 783 804 incurritis
812 719 1008 819 daimnaodi,
1036 752 1093 806 ant
1115 739 1171 833 qni
1193 741 1276 812 baec

271 849 480 946 implentibus
509 855 565 936 (7.
580 845 647 936 V.)
676 846 783 942 legem
810 845 975 942 promisit,
1008 873 1106 918 verax
1139 849 1174 920 in
1206 852 1276 926 suis

270 988 351 1033 uon,
371 959 495 1031 exsistit
521 957 701 1053 promissis.
753 956 986 1056 Quodcunque
1016 977 1125 1030 autem
1158 961 1275 1034 borum

272 1073 409 1168 eligatis,
434 1071 515 1142 nibil
539 1072 580 1142 de
602 1072 675 1167 lege
698 1070 795 1141 video
817 1069 910 1142 vobis
934 1071 1166 1142 confidendum
1189 1099 1274 1161 esse,

271 1211 389 1283 parum
417 1182 516 1255 etiam
545 1185 589 1254 ad
617 1181 849 1254 beatitudiuem
878 1199 1029 1253 meretur.
1074 1182 1167 1273 Quid
1190 1192 1274 1282 rogo

146 1360 148 1364 .
260 1298 398 1388 exstitit,
425 1297 515 1393 quod
539 1323 613 1367 cum
636 1293 678 1365 ad
700 1293 782 1388 legis
806 1294 1049 1365 observantiam
1071 1321 1109 1364 ex
1132 1299 1201 1390 ejus
1223 1324 1274 1368 re·
1307 1340 1312 1348 κ

271 1409 496 1482 muneratione
519 1434 582 1478 uos
606 1407 688 1495 depe
713 1407 879 1491 invitaret,
908 1406 998 1501 qnod
1027 1407 1195 1478 minimum
1224 1425 1275 1482 est

269 1520 430 1619 promisit,
449 1537 481 1590 et
500 1519 589 1617 quod
611 1535 662 1590 est
676 1501 850 1606 maximum
864 1519 1162 1615 penitus-reticuit?
1195 1518 1274 1594 Non

271 1635 410 1705 discrete
430 1631 583 1729 prolecto
605 1629 780 1729 peroravit,
802 1629 829 1698 si
852 1647 1023 1726 utrumque
1042 1631 1084 1700 ad
1100 1631 1180 1726 legis
1196 1634 1274 1705 obe-

271 1745 427 1823 dientiam
450 1743 598 1814 sulficere
621 1743 721 1826 novit,
744 1769 818 1812 cum
841 1743 875 1810 id
897 1743 1063 1828 videlicet,
1086 1745 1175 1840 quod
1197 1769 1272 1815 sua·

213 1921 214 1926 ,
270 1858 365 1928 sione
393 1856 568 1953 plurimum
596 1855 741 1939 valebat,
776 1854 911 1934 omniuo
947 1856 1146 1950 praeteriit.¹
1182 1854 1272 1928 Nihil

259 1969 407 2066 quippe,
435 1983 471 2036 ut
493 1967 615 2038 dictum
638 1983 704 2052 est,
734 1966 775 2037 de
804 1992 881 2036 vera
909 1966 964 2037 illa
986 1984 1019 2037 et
1041 1983 1173 2038 aeterna
1196 1969 1272 2040 bea·

269 2081 407 2151 titudine
446 2079 570 2148 ibidem
604 2077 639 2148 in
671 2078 931 2150 remuneratione
971 2097 1270 2167 commemoratum,

208 2281 214 2290 ,
254 2194 329 2263 sed
353 2192 536 2262 intantum
569 2207 697 2260 terrena
721 2191 919 2286 prosperitas
942 2191 1119 2277 intimatur,
1145 2209 1180 2262 ut
1198 2193 1291 2264 boc‘

267 2321 395 2376 tautum
415 2304 566 2373 incensa
584 2301 789 2371 obedientiae
813 2289 1074 2393 coos(t)itoatur;
1099 2304 1268 2375 etiterum
1288 2323 1291 2330 ’

270 2413 534 2498 commendatur,
563 2429 599 2482 ut
621 2438 681 2507 per
694 2412 801 2508 ,hujus
822 2416 1072 2510 responsionem
1100 2418 1190 2488 omui
1211 2443 1272 2514 po·

268 2543 431 2598 sterorum
452 2523 653 2622 inquisitioni
675 2524 825 2595 satisfieri
847 2545 1027 2600 censeatur.
1072 2527 1126 2599 Sic
1150 2530 1271 2626 quippe

267 2638 423 2735 scriptum
461 2653 529 2722 est,
562 2636 636 2732 ipso
671 2636 856 2730 legislatore
887 2638 1005 2734 Moyse
1033 2639 1192 2735 populum
1219 2642 1270 2710 in·

267 2766 413 2822 struente
437 2750 594 2821 adversus
618 2749 795 2846 quamlibet
816 2750 898 2844 legis
921 2751 1200 2846 inpugnationem,
1222 2770 1270 2823 at·

268 2889 333 2959 que
356 2862 485 2932 dicente
506 2871 559 2950 ¹):
601 2862 692 2932 Audi
712 2862 831 2948 Israel,
860 2853 988 2934 custodi
1012 2880 1187 2958 praecepta
1210 2863 1269 2934 do-

265 2975 344 3045 mini
359 2973 423 3046 Dei
442 2973 490 3048 tui
512 2998 552 3044 ac
572 2973 758 3045 testimonia
780 2991 812 3044 et
834 2975 1045 3058 ceremonias,
1068 3001 1153 3070 qnae
1174 2999 1268 3071 prae-

266 3086 404 3183 ceperit,
435 3102 469 3157 et
495 3085 549 3156 fac
572 3087 660 3182 qnod
682 3085 841 3182 placitum
862 3103 913 3158 est
935 3105 967 3158 et
987 3087 1111 3158 bonum
1133 3087 1168 3156 in
1191 3113 1269 3158 cou-

265 3214 380 3292 spectu
410 3196 552 3282 domini,
581 3213 617 3269 ut
637 3200 722 3270 bene
746 3190 788 3269 sit
810 3199 883 3285 tibi,
913 3215 945 3270 et
972 3199 1139 3292 ingressus
1162 3202 1271 3296 possi·

265 3307 344 3380 deas
381 3323 500 3380 terram
529 3303 700 3405 optimam,
729 3310 769 3380 de
794 3335 859 3406 qua
880 3313 996 3405 juravit
1021 3312 1169 3408 patribus
1196 3314 1270 3397 tuis,
1390 3311 1392 3376 ξ

263 3437 301 3491 nt
322 3420 447 3492 deleret
469 3447 585 3492 omues
609 3422 758 3492 inimicos
780 3440 855 3495 tuos
880 3447 990 3495 coram
1012 3440 1043 3494 te
1067 3424 1159 3514 sicut,
1176 3424 1269 3493 locu-

170 3595 171 3606 ,
262 3549 314 3604 tus
346 3549 403 3607 est
450 3530 535 3602 Cum
565 3534 812 3628 interrogaverit
838 3553 870 3606 te
900 3536 983 3606 lilius
1012 3551 1087 3606 tuns
1116 3559 1187 3604 cras
1218 3534 1268 3603 di-

264 3646 361 3729 ceus,
384 3643 463 3741 qnid
488 3645 550 3715 sibi
572 3645 686 3715 volout
707 3648 895 3720 testimonia
917 3649 998 3720 baec
1021 3664 1054 3719 et
1070 3643 1267 3718 cerimoniae·

232 3772 361 3858 -atque
389 3755 526 3851 judicia,
556 3781 641 3852 qnae
668 3761 836 3860 praecepit
863 3761 1016 3849 dominus
1045 3760 1126 3832 deus
1154 3773 1269 3831 noster
1382 3763 1390 3794 '¹

261 3921 464 3938 ---
511 3885 515 3894 *
1159 3881 1269 3967 uobis,

278 4005 313 4077 l)
330 4003 478 4064 Deuteron.
495 4003 541 4066 VI.
