2740 4486
282 439 406 527 cipules
434 449 546 524 partes
567 434 751 516 dividatur,
779 432 1030 524 intelligendum
1060 447 1123 504 est.
1165 433 1280 504 Virtus
1358 487 1359 508 2

280 569 351 636 est,
383 567 420 621 ut
452 554 547 637 ajunt
577 549 786 644 philosophi,
819 549 952 616 habitus
986 555 1107 618 ruentis
1140 553 1280 647 optimus

279 670 432 738 velbene
450 669 648 731 constitutae
662 667 796 730 mentis.
836 662 1024 732 Notandum
1048 679 1170 744 autem,
1192 664 1281 752 quod

247 861 250 874 1
280 784 395 854 Sancti
419 780 636 846 diffinitiones
658 780 812 842 virtutum
834 799 856 844 a
877 776 1082 860 philosophis
1104 780 1282 862 petiisset
1358 847 1359 850 Ἴ

279 898 460 963 divisiones
481 913 540 975 per
566 891 693 974 species
721 911 796 954 non*
817 903 1043 969 mutarerunt,
1076 891 1135 955 sed
1157 911 1215 954 eas
1236 887 1286 968 eb‘

279 1014 330 1078 eis
360 1019 513 1090 acceptae
541 1004 719 1093 diligenter
746 1017 969 1084 exposuerunt
1001 1016 1036 1068 et
1063 1007 1279 1068 retinuerunt.

202 1163 206 1178 ι
278 1123 460 1190 Videamus
491 1122 591 1205 igitur
619 1116 871 1196 diffinitionem,
904 1117 1068 1204 quomodo
1092 1121 1134 1179 sit
1153 1115 1280 1180 intelli·
1358 1123 1359 1132 ’

277 1236 398 1324 ganda.
441 1229 555 1296 Virtus
579 1242 630 1294 est
651 1227 782 1293 habitus
804 1232 942 1308 menti,
963 1231 997 1294 id
1021 1242 1090 1309 est,
1113 1231 1201 1294 bona
1216 1249 1278 1292 vo·
1307 1266 1311 1280 ι
1358 1323 1359 1350 ξ

276 1348 387 1413 luntas
415 1345 536 1408 mentis
564 1343 614 1406 sie
641 1343 676 1405 in
705 1339 852 1405 habiturn
871 1363 931 1424 per
952 1345 1053 1408 animi
1084 1343 1279 1426 applicatio·
1357 1397 1358 1400 ,

277 1480 354 1525 nem
375 1479 492 1535 versa,
523 1455 611 1542 qued
633 1457 691 1519 vix
713 1469 770 1519 aut
797 1477 962 1544 nunquam
989 1462 1137 1540 separari
1159 1461 1278 1540 possit.

275 1571 352 1638 Hoc
384 1574 473 1638 enirn
504 1583 637 1636 notatur
668 1595 727 1656 per
759 1571 841 1652 hoc,
873 1574 962 1660 qnod
993 1575 1111 1640 dieitur
1142 1579 1278 1650 habitus
1358 1649 1359 1662 ,

275 1688 419 1754 mentis.
452 1683 538 1752 Nam
559 1698 636 1752 sunt
664 1687 784 1774 aliqui,
816 1690 872 1778 qui
901 1711 975 1753 curn
1004 1693 1101 1755 modo
1130 1691 1279 1762 habeant

275 1803 480 1868 voluntatem
508 1801 624 1884 cuique
654 1802 814 1866 reddendi
843 1803 931 1889 qnod
953 1825 1045 1868 sunm
1069 1819 1140 1886 est,
1172 1809 1276 1875 facile

274 1928 385 1980 tamen
406 1911 449 1978 ab
470 1910 533 1976 hnc
554 1924 788 1994 permutantur.
823 1913 983 1980 Similiter
1003 1918 1037 1988 in
1058 1918 1136 1982 aliis
1158 1923 1275 1987 videre

272 1999 374 2093 licet:
406 2037 443 2090 ut
465 2037 517 2090 est
548 2024 686 2110 aliquis,
718 2028 775 2114 qui
804 2027 901 2093 mode
932 2027 1133 2097 voluntatem
1166 2041 1278 2102 cernis

272 2138 473 2222 restringere
494 2147 649 2216 conatur,
683 2157 756 2202 eum
779 2149 888 2202 temen
911 2161 985 2204 eam
1004 2145 1103 2224 paulo
1131 2144 1277 2227 pleniter

273 2259 439 2314 exerceat.
484 2245 528 2310 Ut
549 2249 636 2312 enim
658 2251 760 2315 virtus
782 2251 843 2326 sit,
866 2271 909 2315 ex
932 2254 1033 2316 enimi
1053 2257 1276 2337 applicatione
1358 2285 1359 2314 ³

272 2362 387 2424 venire
418 2357 528 2425 dehet.
581 2358 678 2424 Unde
708 2361 928 2429 Aristoteles:
964 2364 1049 2430 tales
1081 2373 1167 2436 enim
1197 2387 1277 2439 sunt

271 2471 433 2534 scientiae
455 2482 489 2534 et
510 2473 661 2535 virtutes.
704 2473 792 2554 Quia
813 2494 896 2536 vero
914 2490 989 2539 sunt
1017 2483 1185 2564 nonnulli,
1217 2490 1276 2574 qui

271 2585 409 2646 virtutes
426 2584 651 2647 continentiae
672 2582 847 2652 ueletiam
870 2589 1005 2668 pietatis
1022 2592 1175 2660 affectum
1194 2619 1276 2684 erga
1347 2629 1350 2634 ·

271 2691 358 2758 elios
381 2692 525 2774 habeut,
547 2694 608 2758 sed
629 2715 694 2759 non
715 2710 846 2779 propter
866 2698 995 2780 Deum,
1027 2704 1104 2770 ideo
1126 2729 1192 2773 non
1212 2732 1276 2776 va-

270 2805 320 2872 let
342 2809 389 2873 eis
413 2807 455 2870 ed
473 2807 627 2887 salutent,
649 2809 725 2872 ideo
744 2810 970 2900 subjungitur:
994 2820 1202 2900 optimus‚·id
1218 2838 1274 2890 est

270 2917 369 2997 talis,
400 2909 456 3002 qui
482 2922 588 3002 prosit
609 2921 651 2984 nd
672 2926 773 2986 vitum
805 2928 960 3005 optimam
986 2928 1041 2992 vel
1059 2933 1094 2994 in
1117 2933 1180 3021 quo
1202 2958 1274 3000 me.

269 3034 367 3097 ritum
389 3035 562 3097 consistet.
605 3031 716 3115 Note,
741 3038 827 3119 qnod
849 3037 978 3120 David,
999 3063 1097 3142 quum
1119 3069 1273 3114 concum-
1358 3097 1359 3104 ι

270 3141 372 3208 hebet
394 3165 464 3209 oum
487 3143 693 3228 Bethsuhee,
717 3169 783 3212 non
806 3148 950 3216 habebat
969 3153 1179 3227 dilectionem
1195 3185 1274 3246 pro.

156 3267 161 3284 '
269 3257 351 3322 ximi
380 3260 415 3322 in
446 3258 666 3327 exhibitione.
716 3262 878 3347 Scriptum
908 3280 962 3332 est
993 3271 1101 3338 enim:
1135 3275 1272 3343 dilectio

180 3437 185 3450 ι
269 3357 408 3448 proximi
431 3371 553 3438 malum
582 3353 649 3438 non
679 3390 842 3458 operatur.
895 3377 981 3446 Nam
1009 3405 1076 3448 non
1104 3388 1273 3456 adultere·
1358 3437 1359 3448 ι

269 3478 321 3543 ltis'
345 3491 410 3545 etc.
440 3483 547 3568 Salve
568 3488 670 3572 igitur
690 3493 886 3554 auctoritate
905 3495 973 3559 iste
994 3497 1156 3580 dicemus,
1181 3505 1272 3585 qnod

268 3591 431 3678 diligebat
451 3593 563 3662 Uriam
592 3599 714 3666 affectu
740 3603 800 3667 sed
823 3623 888 3668 non
908 3609 1038 3674 effectu.
1077 3611 1171 3681 Haec
1189 3638 1271 3684 vero

269 3708 449 3772 auctoritas
472 3709 514 3773 de
536 3711 716 3778 dilectione
737 3717 771 3781 in
793 3715 914 3783 effectu
934 3721 1141 3810 intelligitur.

281 3855 284 3866 ι
352 3815 449 3884 Nune
471 3822 511 3886 de
533 3826 706 3906 speciebus
728 3831 863 3896 virtutis
884 3834 1071 3917 videamus,
1096 3861 1183 3923 quas
1197 3845 1271 3926 qui-

268 3926 343 3992 dem
357 3931 399 3998 ,in
421 3935 560 4020 majori,
582 3939 720 4024 quidem·
734 3942 769 4008 in
790 3945 908 4012 minori
929 3969 1065 4016 numero
1087 3959 1270 4022 constitue·
