2806 4492
288 409 358 480 lieri
378 408 496 506 possit.
532 404 618 478 Cum
637 408 830 506 itaqueper
848 394 1028 506 potentiam
1049 433 1154 495 suant,
1175 425 1211 480 ut
1232 409 1281 482 dia

290 538 377 592 etum
406 538 470 599 est,
497 537 565 590 tarn
589 521 675 592 intra
698 516 822 607 omnia,
851 542 948 618 qnam
971 537 1060 591 extra
1082 521 1163 592 deus
1185 522 1227 592 sit
1248 537 1282 594 et

290 633 411 718 omnia,
428 647 710 730 quantumcunque
728 633 834 715 solida
853 633 926 718 sint,
948 633 1079 728 propria
1092 633 1208 705 virtute
1222 659 1281 731 pe·

289 759 403 828 netret,
427 744 498 838 quis
521 761 594 814 eum
611 743 703 814 locus
724 743 888 841 impediat,
909 771 962 823 ne,
981 735 1282 842 ubicunqueoruui·¹
1310 779 1314 785 ·

289 858 351 927 bus
372 843 582 952 solitaeque
604 881 697 926 suam
719 855 881 951 impertire
902 855 1196 952 notitiam'possit?
1226 856 1280 928 Eo

183 989 184 993 ’
287 968 409 1064 quippe
430 967 542 1051 modo,
564 993 628 1063 quo
649 966 731 1038 locis
755 965 906 1037 omuibus
928 953 1036 1038 inesse
1058 969 1108 1039 vel
1125 993 1282 1065 praeesse
1306 959 1308 966 ’

288 1095 348 1176 por
378 1077 556 1175 potentiam
584 1075 661 1148 non
679 1104 739 1174 per
766 1078 905 1184 localem
931 1079 1126 1174 positionem
1154 1079 1279 1164 dicitur,
1337 1124 1339 1128 .

287 1192 407 1287 ubique
436 1190 488 1260 sui
509 1188 654 1278 estimo.
676 1189 833 1280 V.)tiant,
864 1191 1109 1287 quibuscunque
1131 1190 1276 1276 voluerit,

288 1303 388 1373 habet
412 1300 591 1396 impertire,
619 1325 681 1371 nee
708 1325 837 1371 summa
858 1317 892 1372 et
912 1301 1063 1396 spiritalis
1082 1301 1200 1388 ritem,
1227 1303 1281 1373 cui

142 1501 146 1510 Ι
184 1444 188 1448 ·
288 1412 400 1484 omnia
421 1407 498 1481 snut
518 1411 749 1507 pervialoca,
767 1437 852 1509 quae
872 1428 965 1498 sunt,
987 1404 1096 1507 aliqua
1117 1414 1280 1484 soliditate

207 1533 208 1540 '
288 1526 338 1626 rel
363 1521 513 1620 qualitate
535 1523 719 1618 praepediri
741 1540 860 1618 potest.
904 1522 1037 1619 Quippe
1060 1551 1132 1594 cum
1152 1526 1278 1595 claritas

239 1633 368 1728 ysolis
391 1623 622 1707 solidissimum
643 1634 758 1705 vitrum
782 1637 830 1706 sic
852 1651 1013 1731 penetret,
1037 1652 1073 1705 nt
1092 1662 1151 1731 per
1170 1637 1279 1731 ipsum
1398 1644 1402 1653 '

290 1773 420 1844 quoque
442 1771 535 1815 snam
558 1745 653 1842 nobis
674 1745 942 1818 illuminationem
963 1738 1126 1832 infundat,
1156 1765 1187 1817 et
1210 1743 1288 1818 cor-¹

287 1885 370 1958 pora
403 1873 516 1927 nostra
549 1863 625 1954 post
645 1859 931 1929 resurrectionem
961 1875 1070 1938 tantae
1098 1859 1279 1931 subtilitatis

288 1974 359 2056 lore
381 1969 562 2054 credamus,
583 1985 619 2040 ut
639 1963 706 2064 jam
729 1967 775 2039 eis
799 1973 941 2066 quodam
962 1971 1062 2042 modo
1085 1971 1279 2066 spiritalibus

98 2055 122 2094 λ’
206 2107 238 2156 A
290 2083 398 2170 saetis,
420 2081 508 2168 nulla
529 2080 634 2176 possit
655 2081 784 2152 obstare
805 2079 954 2166 materia,
980 2083 1066 2152 unde
1082 2083 1279 2183 etdomini·
1397 2126 1400 2127 ν

285 2221 363 2282 Ιειιιιι
386 2218 519 2288 corpus,
541 2191 630 2288 quod
653 2193 760 2264 adhuc
781 2194 908 2264 mortali
931 2193 1041 2262 clauso
1062 2192 1146 2262 vitro
1167 2207 1279 2262 natum

212 2342 214 2346 ·
288 2308 408 2389 suerat,
429 2319 507 2398 post
527 2304 794 2373 resurrectionem
815 2307 881 2396 jam
902 2303 1083 2404 immortale
1107 2318 1145 2406 et:
1158 2303 1279 2396 impas-

156 2449 162 2456 ·
252 2415 382 2486 'sibile
417 2412 535 2484 clausis
567 2413 671 2506 januis
707 2414 749 2483 ad
781 2413 956 2508 discipulos
991 2413 1134 2514 intravit,
1176 2412 1279 2484 multo

102 2523 105 2530 ¹
172 2595 178 2614 ,
290 2512 367 2621 ergo
390 2525 493 2618 magis
516 2539 676 2594 summam
698 2525 788 2594 illam
809 2525 934 2594 divinae
957 2524 1107 2611 claritatis
1122 2523 1280 2600 visionem

258 2716 265 2730 ,
288 2636 581 2731 nullo'praepediri
604 2659 702 2730 posse
725 2634 909 2720 obstaculo,
934 2635 985 2707 vel
1006 2634 1070 2704 loci
1092 2635 1279 2731 propinqui·

191 2763 193 2770 ’
289 2767 355 2820 tate
377 2749 419 2817 ad
442 2746 687 2816 illuminandum
709 2746 855 2839 adjurari
876 2747 1072 2817 credendum
1094 2762 1154 2826 est.
1192 2745 1278 2815 Nam

217 2929 220 2937 ,
289 2876 322 2929 et
348 2859 475 2952 iguem,
504 2857 559 2954 qui
588 2859 702 2927 ceteris
731 2859 878 2929 subtilior
898 2874 954 2928 'est
975 2858 1171 2942 elementis,
1202 2857 1278 2928 indo

257 3035 260 3042 ι
288 2995 358 3041 non
378 2969 521 3067 recipere
544 2967 723 3069 sectionem
747 2970 860 3055 dicitis,
883 2970 959 3066 quia
979 2970 1069 3040 nullo
1085 2969 1278 3064 interposito

290 3078 427 3177 corpore
442 3091 557 3176 'partes
579 3083 650 3172 ejus
674 3080 770 3150 dividi
793 3086 922 3177 queant.
963 3081 1070 3152 Multo
1093 3097 1202 3150 autem
1222 3063 1305 3148 mi?

288 3219 350 3264 nus
380 3191 529 3288 spiritalis
558 3191 752 3284 substantia,
785 3211 868 3287 quae
897 3191 994 3285 longe
1024 3192 1113 3262 omui
1141 3217 1278 3286 corporo
1370 3217 1381 3231 ·

225 3325 227 3330 ’
288 3303 436 3376 subtilior
457 3320 522 3388 est,
553 3296 710 3396 corporeo
741 3304 948 3397 praepeditur
970 3302 1150 3388 obstaculo.
1193 3299 1300 3371 Cum'
1348 3301 1354 3309 ’

282 3415 364 3489 ΙΙνιιο
388 3415 536 3510 diviuitas
559 3429 668 3483 tantae
690 3413 872 3484 subtilitatis
894 3415 949 3500 sit,
973 3431 1014 3484 ut
1040 3414 1076 3484 in
1099 3417 1168 3507 ejus
1191 3440 1278 3483 com-

176 3567 178 3581 ν
231 3561 232 3568 ¹
288 3527 456 3625 paratione
480 3525 645 3622 quaelibet
664 3524 745 3594 aliae
768 3541 900 3595 naturae
924 3550 1101 3620 corporeae
1124 3512 1279 3596 censean-

204 3648 209 3658 '
289 3657 354 3724 tur,
383 3655 415 3708 et
435 3639 507 3732 ipsa
529 3635 771 3730 solarespectu
792 3635 926 3732 aliarum
947 3638 1139 3732 incorporea
1159 3637 1279 3728 judice·
1344 3675 1351 3690 f

287 3767 353 3836 tur,
379 3747 697 3845 quomodoysumma'
717 3751 785 3840 ejus
809 3747 952 3832 claritas,
981 3773 1064 3843 quae
1087 3764 1203 3817 cuncta
1225 3773 1279 3818 co·
1327 3761 1336 3784 ²

288 3859 477 3955 gnoscendo
500 3860 697 3942 considerat,
721 3853 922 3928 obstaculum
943 3859 1096 3928 habehit?
1132 3857 1211 3948 Qua
1233 3873 1279 3927 et·

215 4025 221 4034 -
284 3975 362 4062 iam,
375 3971 430 4069 qui
442 3971 601 4057 fruuntur,
614 3995 691 4061 ‘curn
707 3971 890 4060 [videntur]
910 3970 1018 4046 omnia
1032 3963 1173 4056 videant,
1192 3969 1279 4066 quic·
1364 4012 1365 4015 =

918 4081 921 4086 ’
1120 4141 1121 4144 ,
1199 4081 1280 4174 quid
