2798 4486
1120 165 1248 280 aa.

164 335 301 406 Palmes
326 351 433 403 autem
457 335 540 419 vitis,
565 335 627 403 uisi
650 336 684 402 in
708 361 743 403 se
766 337 980 430 praecidatur,
1001 338 1168 408 labruscas

164 448 277 544 potius
302 471 502 542 quamuvas
528 446 639 531 all'ert,
665 463 698 516 et
725 465 882 517 remanet.
927 450 979 517 Ad
1003 450 1087 520 hanc
1109 453 1167 520 ita·
1240 454 1244 474 ¹

167 587 231 655 qne
256 559 496 628 similitudinem
520 557 647 629 divinae
670 560 755 628 circa
779 585 841 627 nos
864 560 1007 630 culturae
1033 561 1166 656 diligen-

99 757 103 761 *
164 672 241 740 tiam
266 671 469 765 praeputium
492 671 601 762 signat
622 687 834 766 amputatum,
857 699 897 740 cx
920 699 984 768 quo
1004 701 1064 742 nos
1085 675 1165 745 deus

164 777 466 876 excolere'incipit.
529 782 630 873 Quod
665 785 691 851 si
728 784 822 852 etiam
857 783 1019 853 humanae
1050 787 1164 880 culpae

163 899 238 988 (10.
254 895 321 984 V.)
351 895 385 962 ia
414 894 525 988 primis
553 896 740 990 parentibus
772 894 903 964 exordia
933 897 1095 982 revolvas,
1134 917 1166 968 et

163 1007 363 1078 dominicam
385 1007 418 1074 in
437 1007 604 1077 mulierem
625 1007 819 1076 sententiam
842 1033 970 1102 poenae
993 1009 1164 1104 prolatam,

65 1169 68 1180 ·
163 1149 239 1190 cnm
269 1121 299 1189 ei
326 1120 476 1189 videlicet
505 1120 637 1190 dicitur:
670 1121 703 1188 iu
734 1119 847 1189 dolore
875 1121 983 1214 paries
1010 1126 1040 1215 ¹)
1070 1123 1163 1206 lilios,

161 1233 287 1305 videbis
316 1247 456 1327 quoque
476 1234 577 1301 viram
608 1231 797 1326 participem
825 1232 950 1326 peccati
975 1233 1009 1302 in
1033 1235 1162 1324 genitali

162 1345 337 1440 praecipue
361 1345 507 1413 membro
531 1361 616 1412 recte
639 1345 707 1412 fieri
729 1369 857 1438 poenae
882 1349 1090 1416 consortem?
1128 1362 1164 1415 ut

161 1456 276 1526 inille
300 1441 450 1530 videlicet
470 1456 616 1526 membro
640 1472 725 1526 recte
748 1455 901 1550 patiami,
925 1482 983 1550 per
1005 1459 1094 1553 qaod
1118 1459 1162 1528 vi·

161 1586 215 1639 tae
239 1567 419 1663 praesentis
443 1568 536 1638 exilio
561 1569 643 1636 filios
668 1583 801 1662 generat
822 1569 1012 1654 morituros,
1037 1571 1082 1639 'de
1105 1599 1161 1666 pa·

49 1682 52 1688 ’
160 1675 272 1750 radiso
309 1707 344 1750 se
382 1683 414 1748 et
442 1707 504 1750 uos
534 1682 653 1776 pariter
680 1680 811 1775 propria
840 1681 1099 1774 transgressione
1128 1683 1161 1750 iu

161 1793 258 1886 hujus
284 1793 368 1862 vitae
397 1793 552 1887 dejiciens
583 1818 766 1864 aerumnas.
810 1790 896 1862 Nam
926 1810 957 1863 et
985 1794 1101 1863 mulier
1127 1795 1160 1862 in

163 1923 259 2001 partu
285 1905 437 1975 laborans
466 1923 555 1975 recto
574 1933 617 1974 ex
640 1903 694 1973 illo
718 1930 784 1999 quo
808 1905 1006 1998 concipitet
1028 1923 1162 1998 generat
1222 1937 1225 1946 ·

161 2019 307 2088 membro
336 2019 471 2111 Patitur,
506 2035 538 2088 et
564 2017 671 2111 ipsam
700 2017 984 2109 concupiscentiae
1013 2016 1161 2111 volupta-

162 2147 243 2214 tem,
267 2154 365 2225 quam
387 2130 486 2200 habet
507 2139 541 2201 in
559 2143 740 2221 concepta,
769 2127 920 2222 plectitur
939 2128 973 2196 in
995 2145 1107 2223 partu,
1130 2145 1162 2196 et

124 2247 127 2254 ’
160 2269 303 2338 poenam
337 2243 470 2336 insuper
507 2242 603 2310 solvit
638 2265 735 2336 quam
772 2241 943 2335 peccando
977 2239 1161 2336 adquisivit.

162 2353 260 2456 Quae
279 2354 445 2455 ‘quoniam
474 2354 562 2450 prior
584 2351 731 2448 peccavit
755 2369 788 2421 et
817 2354 920 2421 virum
948 2354 1160 2447 postmodum

161 2467 206 2536 ad
238 2484 405 2561 peccatum
433 2467 550 2549 traxit,
584 2485 653 2534 uon
685 2465 935 2556 incongrue‘iu
973 2465 1034 2533 hac
1063 2464 1159 2533 etiarn

160 2604 270 2672 poena
296 2579 367 2672 ipsa
396 2577 582 2672 praecessit.
627 2575 696 2648 Noc
717 2594 827 2646 tamen
852 2575 932 2644 deus
957 2576 1090 2645 omnino
1114 2576 1158 2646 vi·
1229 2655 1234 2667 „

160 2717 234 2759 rum
255 2690 364 2786 ipsum
386 2688 500 2784 punire
524 2688 661 2773 distulit,
688 2689 738 2757 cui
761 2689 870 2756 statim
893 2687 926 2757 in
948 2714 1057 2782 poena
1080 2714 1158 2756 con·

161 2802 309 2871 stitutum
331 2818 381 2871 est
405 2818 436 2870 et
460 2802 579 2870 dictum
602 2800 790 2869 adomino:
817 2799 994 2869 Maledicta
1018 2800 1159 2869 terrain

161 2941 261 3008 opere
285 2930 358 2998 tuo,
384 2915 416 2983 in
439 2913 780 2986 laboribuscomedes
805 2938 876 2980 eam
899 2913 1021 2980 cunctis
1045 2911 1158 2980 diebus

160 3027 246 3098 vitae
270 3043 352 3099 tuae.
392 3024 510 3120 Spinas
534 3041 566 3094 et
588 3025 723 3093 tribulos
746 3025 937 3118 germinabit
964 3024 1021 3092 tihi
1042 3032 1073 3111 ¹)
1097 3039 1158 3094 etc.
1220 3011 1223 3018 ⁵

161 3142 207 3222 At
242 3139 300 3206 uhi
335 3137 535 3232 opulentiam
563 3138 745 3233 promissae
763 3154 877 3205 terrae
907 3136 1016 3231 adepti
1045 3162 1157 3204 sumus
1238 3217 1243 3225 N

160 3277 231 3320 nou
262 3254 329 3343 jam
365 3248 476 3344 spinas
493 3266 537 3348 ,ct
566 3249 700 3318 tribulos
730 3249 954 3340 germinantis,
995 3248 1083 3344 quod
1114 3246 1155 3316 da

159 3387 269 3458 poena
299 3361 342 3429 ibi
372 3378 423 3430 est
450 3361 659 3446 diminutum,
686 3362 721 3430 i'n
750 3343 994 3431 circumcisione
1018 3387 1085 3428 nou
1107 3360 1157 3427 in·

160 3457 305 3566 congrue
327 3490 378 3542 est
394 3455 689 3567 recompensatum.
727 3453 825 3563 ‚Quae
841 3490 950 3542 tamen
965 3489 1042 3568 post
1054 3471 1158 3566 ipsius

158 3588 266 3656 terrae
294 3585 562 3680 promissionem,
591 3604 765 3684 autequam
794 3587 866 3681 ipsa
895 3587 1109 3670 obtineretur,
1137 3608 1158 3651 a

158 3698 349 3794 patriarchia
376 3697 487 3768 statim
509 3715 560 3770 est
584 3699 752 3794 inchoata,
781 3717 819 3770 aa
838 3698 1012 3770 lumiorem
1032 3696 1077 3767 ad
1097 3719 1157 3792 po·

180 3941 213 4014 1)
231 3942 298 4001 Gan.
318 3915 361 4002 lll.
