2798 4486
343 1325 857 1436 Prooemium.

503 1585 698 1598 a-—n———q
713 1583 716 1591 ¹

111 1857 267 2006 Quem
297 1902 375 2002 iam
400 1902 511 2008 'foras
542 1905 698 1982 edimus
724 1903 1012 2007 anecdotorum
1043 1901 1095 1979 ad
1138 1987 1140 1992 ,

68 2070 69 2077 ¹
106 2035 311 2111 historiam
343 2033 524 2110 ecclesiae
552 2035 835 2135 pertinentium
863 2035 1095 2109 fasciculum

106 2167 297 2268 primum,
331 2191 423 2243 eum
454 2192 538 2243 non
563 2165 829 2264 injucundum
853 2165 941 2244 fore
966 2190 1094 2266 spera-

105 2324 196 2374 mus
214 2298 307 2373 viris
331 2297 466 2386 doctis,
493 2297 560 2400 qui
582 2299 643 2374 vel
669 2298 966 2387 minutissimas,
993 2323 1094 2400 quae

106 2432 189 2540 erui
215 2423 449 2532 possunt'ex
468 2431 705 2532 antiquitate,
729 2431 922 2507 benevole
943 2429 1095 2507 soleant

69 2547 72 2552 Δ
106 2563 281 2664 excipere
305 2561 499 2664 reliquias.

185 2695 246 2772 Ad
273 2695 484 2792 egregium,
513 2719 634 2795 quem
657 2694 790 2796 primo
814 2695 893 2772 hoc
917 2695 1010 2771 loco
1036 2693 1096 2771 os-

102 2825 278 2914 ferimus,
303 2810 484 2902 libellum
510 2829 834 2926 cognoscendum
859 2852 924 2903 me
949 2825 1095 2928 perdu-

101 2959 157 3035 xit
180 2959 253 3039 Vir
278 2963 314 3034 S.
339 2963 384 3037 R.
409 2960 651 3048 Neander,
682 2974 913 3061 praeceptor
938 2983 1094 3040 summa

102 3117 196 3194 cum
220 3091 362 3201 pietate
386 3083 586 3168 colendus.
625 3095 703 3188 Qui
726 3119 855 3193 quum
877 3095 952 3191 pro'
975 3090 1095 3164 bene·

100 3221 273 3298 volentia
297 3249 374 3323 qua
399 3249 465 3299 me
487 3211 743 3325 prosequitur
763 3221 948 3320 singulari
970 3224 1013 3297 in
1034 3211 1096 3297 iti·

100 3355 208 3429 neris
229 3355 278 3429 ad
290 3356 533 3456 Metropolin
546 3349 901 3442 vindobonensem
920 3359 968 3454 (a.
982 3357 1094 3451 1827)
1165 3369 1169 3388 ¹

99 3486 343 3587 suscipiendi
363 3489 590 3564 societatem
608 3513 674 3564 me
697 3483 926 3575 admisisset
949 3513 1094 3587 oppor-

98 3619 316 3694 tunitatem
343 3619 443 3718 mihi
475 3602 606 3708 dedit,¹
632 3635 678 3696 ut
701 3622 788 3722 ipso
822 3620 924 3695 duce
947 3619 1095 3694 Biblio-

67 3749 240 3826 thecae
280 3751 476 3827 Palatinae
517 3752 724 3830 thesauros
765 3751 1096 3854 praeclarissimos

97 3880 338 3984 perscrutari
364 3898 402 3960 et
426 3897 579 3985 praeter
598 3884 695 3962 alios
717 3885 826 3960 hunc
849 3907 1012 3984 quoque
1030 3906 1095 3956 co·

97 4015 236 4092 dicem
267 4013 401 4093 liceret
428 3990 628 4119 inspicere.
676 4015 935 4128 Liber-initio
961 3996 1094 4090 wstatim
