2740 4486
1036 220 1118 296 toa
1215 181 1217 187 ’

44 370 49 389 ’
114 379 200 472 onae
222 387 412 470 libidinem,
440 387 605 457 sobrietas
628 411 712 474 quae
733 386 913 474 ingluviem
934 384 1116 452 refraenat.
1183 412 1187 421 =

113 499 203 566 lstae
236 504 376 568 virtutes
407 505 443 568 iu
470 505 637 586 prosperis
668 504 891 570 necessariae.
943 499 1117 564 Fortitudo

114 635 194 679 vero
215 617 364 698 potentia
393 608 478 698 est,‘
499 638 582 704 quaa
611 615 719 682 reddit
746 615 890 682 animum
911 603 1118 680 constantem

5 805 6 812 p
114 740 228 794 eontra
249 728 402 794 adversa.

331 973 336 990 ³
380 943 382 948 Ι
469 996 575 1079 Caput
595 993 762 1064 XXXlll.

280 1137 325 1192 De
343 1137 431 1202 vitiis,
456 1151 529 1206 quaa
545 1135 693 1190 virtutibus
712 1135 853 1188 coutraria
875 1138 951 1188 aunt.

197 1286 292 1354 Nunc
322 1285 363 1350 de
394 1286 503 1364 vitiis,
525 1305 619 1368 ,quae
648 1285 723 1368 istis
751 1283 928 1348 virtutibus
950 1283 1115 1350 contraria

112 1411 188 1466 sunt
218 1400 330 1464 itidem
360 1397 573 1463 disseramus.
624 1395 850 1481 Unaquaeque
881 1399 985 1462 virtus
1015 1395 1117 1462 habat

112 1512 228 1576 vitium
249 1509 315 1574 sibi
337 1513 554 1590 contrarium,
575 1520 611 1572 ιιι
628 1500 781 1592 justitiae
804 1512 970 1604 contraria
992 1520 1044 1574 est
1064 1510 1116 1573 in·

107 1601 262 1707 justitia,
294 1623 529 1706 temperantiae
551 1623 821 1703 intemperantia,
850 1622 1036 1686 fortitudini
1058 1622 1114 1686 de-

111 1734 244 1815 bilitas,
268 1736 422 1820 quoniam
444 1733 531 1798 bono
555 1755 597 1798 ex
619 1715 818 1798 necessitate
840 1734 961 1799 malum
984 1747 1114 1799 contra-

109 1853 193 1914 rium
216 1861 279 1930 est,
304 1851 390 1934 quia,
413 1849 443 1912 si
465 1847 589 1932 aliquid
610 1847 732 1913 bonum
748 1860 811 1927 cst,
835 1852 1024 1914 necessario
1041 1851 1114 1933 ejus

111 1964 312 2028 contrarium
333 1961 455 2026 malum
477 1974 548 2040 est,
582 1961 730 2024 sednon
752 1963 969 2037 convertitur}
1005 1973 1115 2045 potest

110 2077 197 2140 enim
227 2074 315 2140 malo
344 2073 467 2138 nralum
497 2075 695 2137 contrarium
725 2095 813 2138 esse.
864 2072 1032 2159 injustitia
1061 2085 1114 2137 est

107 2191 224 2253 vitium
245 2189 358 2266 animi,
382 2207 445 2270 quo
468 2208 533 2250 noo
549 2186 695 2251 redditur
715 2186 889 2270 unicnique
914 2186 999 2271 quod
1019 2207 1113 2262 suum
1211 2185 1213 2193 '

109 2315 217 2378 estet
239 2302 325 2386 quod
347 2298 497 2366 debetur.
540 2299 602 2363 Est
622 2301 723 2386 igitur
745 2299 823 2364 talis
843 2297 933 2364 mala
956 2297 1111 2364 voluntas

5 2413 11 2418 ¹
107 2417 275 2500 injustitia
297 2415 381 2478 sicut
406 2413 495 2478 bona
523 2424 575 2478 est
593 2415 737 2496 justitia.
780 2403 1039 2496 IntemperantIa
1061 2423 1114 2478 est

107 2529 302 2608 impotentia
324 2528 502 2623 resistendi
523 2525 666 2591 motibus
690 2527 829 2606 illicitis,
850 2540 887 2592 ut
907 2527 1039 2592 luxuria
1060 2537 1114 2592 est

106 2641 272 2706 contraria
296 2643 462 2720 castitati,
492 2639 654 2728 gulositas
683 2639 879 2710 sobrietati„
912 2641 1112 2706 Fortitudini

110 2773 192 2820 vero
215 2752 370 2818 debilitas
402 2755 523 2848 mentis
556 2765 608 2818 est
640 2756 808 2820 contraria
840 2766 875 2820 et
902 2757 988 2820 siout
1017 2777 1112 2840 prae·

107 2869 229 2934 dietum
252 2879 304 2931 est
324 2845 484 2932 fortitudo
506 2869 540 2930 in
564 2868 723 2949 adversis,
747 2872 1015 2953 temperantiam
1035 2893 1111 2955 pro·

105 2984 212 3064 aperis
248 2981 439 3046 necessaria
467 2991 529 3075 est,-
573 2977 662 3046 Nota
692 3001 794 3062 vero,
827 2980 1016 3067 hujusmodi
1050 3004 1110 3066 po·

108 3098 229 3166 tentiae
251 3117 317 3159 non
339 3091 418 3159 illas
453 3081 642 3172 naturales,
677 3114 761 3176 quae
791 3106 866 3160 actu
895 3118 962 3160 non
989 3096 1111 3162 adsunt

105 3207 163 3276 vel
182 3220 273 3272 certe
297 3209 326 3273 si
348 3206 470 3272 adeunt
491 3206 591 3270 facile
613 3203 755 3271 mobiles
779 3219 873 3287 sunt,
904 3208 964 3275 scd
998 3211 1108 3292 potius

105 3343 191 3406 quae
213 3320 391 3388 secuudum
412 3320 513 3386 animi
545 3317 797 3403 applicationem
822 3323 955 3401 insunt,
987 3333 1023 3386 nt
1042 3325 1107 3390 iste

104 3433 225 3499 dicitur
247 3455 378 3512 cursor,
401 3452 467 3498 uon
489 3432 576 3518 quod
595 3431 890 3526 illam'potentiam
912 3434 1108 3506 naturaliter

104 3546 229 3614 lrabeat
258 3548 319 3613 sed
348 3549 424 3632 quia
454 3567 493 3612 se
523 3549 567 3612 ad
589 3547 652 3638 hoo
673 3547 847 3630 disposuit.
891 3547 993 3615 Multi
1014 3572 1106 3618 nom·

19 3751 23 3754 Ι
105 3682 170 3746 que
189 3659 373 3733 infidelium
393 3658 454 3726 has
476 3660 645 3728 naturales
675 3662 840 3744 potentias
873 3660 1014 3744 habent,
1048 3666 1105 3749 qui

104 3785 215 3838 tamen
234 3748 412 3839 virtutibus
435 3785 568 3853 carent,
592 3773 708 3858 quippe
730 3775 772 3840 ad
793 3774 878 3842 istas
900 3797 967 3870 non
990 3791 1033 3842 ox
1055 3777 1103 3842 di-

102 3883 247 3954 lectione
272 3885 492 3974 ,appliceutan
537 3884 654 3955 Omnia
681 3888 766 3965 enim
783 3891 919 3972 uirtus,
952 3902 988 3957 ut
1016 3889 1102 3988 ιὶίιιί-ἴ
