<?xml version="1.0" encoding="UTF-8"?>
<!DOCTYPE html PUBLIC "-//W3C//DTD XHTML 1.0 Transitional//EN"
    "http://www.w3.org/TR/xhtml1/DTD/xhtml1-transitional.dtd">
<html xmlns="http://www.w3.org/1999/xhtml" xml:lang="en" lang="en">
 <head>
  <title>
</title>
<meta http-equiv="Content-Type" content="text/html;charset=utf-8" />
  <meta name='ocr-system' content='tesseract 3.04.00' />
  <meta name='ocr-capabilities' content='ocr_page ocr_carea ocr_par ocr_line ocrx_word'/>
</head>
<body>
  <div class='ocr_page' id='page_1' title='image "./dialogusinterph00abelgoog_0229.png"; bbox 0 0 2740 4486; ppageno 0'>
   <div class='ocr_carea' id='block_1_1' title="bbox 1077 271 1132 350">
    <p class='ocr_par' dir='ltr' id='par_1_1' title="bbox 1077 271 1132 350">
     <span class='ocr_line' id='line_1_1' title="bbox 1077 271 1132 350; baseline 0.036 -2"><span class='ocrx_word' id='word_1_1' title='bbox 1077 271 1132 350; x_wconf 79' lang='lat' dir='ltr'><strong>tt</strong></span> 
     </span>
    </p>
   </div>
   <div class='ocr_carea' id='block_1_2' title="bbox 103 434 1164 854">
    <p class='ocr_par' dir='ltr' id='par_1_2' title="bbox 103 434 1164 854">
     <span class='ocr_line' id='line_1_2' title="bbox 132 434 1164 525; baseline 0.006 -23"><span class='ocrx_word' id='word_1_2' title='bbox 132 436 525 507; x_wconf 79' lang='lat' dir='ltr'><strong>convenientiaedonum</strong></span> <span class='ocrx_word' id='word_1_3' title='bbox 545 434 730 523; x_wconf 86' lang='lat' dir='ltr'><strong>largiendo.</strong></span> <span class='ocrx_word' id='word_1_4' title='bbox 775 436 841 502; x_wconf 90' lang='lat' dir='ltr'><strong>Hic</strong></span> <span class='ocrx_word' id='word_1_5' title='bbox 860 439 960 525; x_wconf 86' lang='lat' dir='ltr'><strong>igitur</strong></span> <span class='ocrx_word' id='word_1_6' title='bbox 979 439 1136 508; x_wconf 77' lang='lat' dir='ltr'><strong>diuinitu-</strong></span> <span class='ocrx_word' id='word_1_7' title='bbox 1160 515 1164 524; x_wconf 45' lang='grc'><strong>,</strong></span> 
     </span>
     <span class='ocr_line' id='line_1_3' title="bbox 132 547 1134 638; baseline 0.01 -27"><span class='ocrx_word' id='word_1_8' title='bbox 132 549 175 614; x_wconf 79' lang='lat' dir='ltr'><strong>tia</strong></span> <span class='ocrx_word' id='word_1_9' title='bbox 197 547 336 615; x_wconf 81' lang='lat' dir='ltr'><strong>effectur</strong></span> <span class='ocrx_word' id='word_1_10' title='bbox 359 569 438 634; x_wconf 88' lang='lat' dir='ltr'><strong>erga</strong></span> <span class='ocrx_word' id='word_1_11' title='bbox 460 559 628 616; x_wconf 73' lang='lat' dir='ltr'><strong>creaturae</strong></span> <span class='ocrx_word' id='word_1_12' title='bbox 651 549 782 616; x_wconf 79' lang='lat' dir='ltr'><strong>habitus</strong></span> <span class='ocrx_word' id='word_1_13' title='bbox 812 552 966 634; x_wconf 78' lang='lat' dir='ltr'><strong>spirituo,</strong></span> <span class='ocrx_word' id='word_1_14' title='bbox 996 557 1134 638; x_wconf 75' lang='lat' dir='ltr'><strong>grecia</strong></span> 
     </span>
     <span class='ocr_line' id='line_1_4' title="bbox 103 651 1135 758; baseline 0.013 -35"><span class='ocrx_word' id='word_1_15' title='bbox 103 651 106 656; x_wconf 38' lang='lat'>⁵</span> <span class='ocrx_word' id='word_1_16' title='bbox 132 663 327 742; x_wconf 76' lang='lat' dir='ltr'>spiramine,</span> <span class='ocrx_word' id='word_1_17' title='bbox 357 661 494 741; x_wconf 88' lang='lat' dir='ltr'><strong>dicitur,</strong></span> <span class='ocrx_word' id='word_1_18' title='bbox 528 664 605 746; x_wconf 87' lang='lat' dir='ltr'><strong>quia</strong></span> <span class='ocrx_word' id='word_1_19' title='bbox 625 665 831 750; x_wconf 59' lang='lat' dir='ltr'><strong>utjsuperiue</strong></span> <span class='ocrx_word' id='word_1_20' title='bbox 853 665 996 758; x_wconf 77' lang='lat' dir='ltr'><strong>diximun</strong></span> <span class='ocrx_word' id='word_1_21' title='bbox 1016 667 1135 747; x_wconf 71' lang='lat' dir='ltr'><strong>spirim</strong></span> 
     </span>
     <span class='ocr_line' id='line_1_5' title="bbox 132 773 1133 854; baseline 0.007 -16"><span class='ocrx_word' id='word_1_22' title='bbox 132 776 199 840; x_wconf 84' lang='lat' dir='ltr'><strong>uria</strong></span> <span class='ocrx_word' id='word_1_23' title='bbox 222 777 345 853; x_wconf 77' lang='lat' dir='ltr'><strong>nostri,</strong></span> <span class='ocrx_word' id='word_1_24' title='bbox 377 775 412 838; x_wconf 95' lang='lat' dir='ltr'><strong>id</strong></span> <span class='ocrx_word' id='word_1_25' title='bbox 435 786 487 840; x_wconf 82' lang='lat' dir='ltr'><strong>ent</strong></span> <span class='ocrx_word' id='word_1_26' title='bbox 509 773 677 854; x_wconf 76' lang='lat' dir='ltr'>anhelitu,</span> <span class='ocrx_word' id='word_1_27' title='bbox 708 777 845 842; x_wconf 76' lang='lat' dir='ltr'><strong>affectus</strong></span> <span class='ocrx_word' id='word_1_28' title='bbox 867 780 967 844; x_wconf 89' lang='lat' dir='ltr'><strong>animi</strong></span> <span class='ocrx_word' id='word_1_29' title='bbox 989 781 1133 845; x_wconf 83' lang='lat' dir='ltr'><strong>maximo</strong></span> 
     </span>
    </p>
   </div>
   <div class='ocr_carea' id='block_1_3' title="bbox 7 877 1136 972">
    <p class='ocr_par' dir='ltr' id='par_1_3' title="bbox 7 877 1136 972">
     <span class='ocr_line' id='line_1_6' title="bbox 7 877 1136 972; baseline 0.005 -24"><span class='ocrx_word' id='word_1_30' title='bbox 7 877 19 948; x_wconf 72' lang='grc'><strong>.’</strong></span> <span class='ocrx_word' id='word_1_31' title='bbox 131 886 309 968; x_wconf 83' lang='lat' dir='ltr'><strong>patefiunt,</strong></span> <span class='ocrx_word' id='word_1_32' title='bbox 343 908 415 952; x_wconf 90' lang='lat' dir='ltr'><strong>cum</strong></span> <span class='ocrx_word' id='word_1_33' title='bbox 449 888 578 953; x_wconf 80' lang='lat' dir='ltr'><strong>ecilicet</strong></span> <span class='ocrx_word' id='word_1_34' title='bbox 604 901 667 962; x_wconf 54' lang='lat' dir='ltr'><strong>aut,</strong></span> <span class='ocrx_word' id='word_1_35' title='bbox 689 910 769 971; x_wconf 89' lang='lat' dir='ltr'><strong>prae</strong></span> <span class='ocrx_word' id='word_1_36' title='bbox 799 910 910 956; x_wconf 88' lang='lat' dir='ltr'><strong>amore</strong></span> <span class='ocrx_word' id='word_1_37' title='bbox 931 891 1136 972; x_wconf 64' lang='lat' dir='ltr'><strong>suspiramus</strong></span> 
     </span>
    </p>
   </div>
   <div class='ocr_carea' id='block_1_4' title="bbox 130 998 1137 1310">
    <p class='ocr_par' dir='ltr' id='par_1_4' title="bbox 130 998 1137 1310">
     <span class='ocr_line' id='line_1_7' title="bbox 133 998 1137 1087; baseline 0.004 -25"><span class='ocrx_word' id='word_1_38' title='bbox 133 1011 190 1063; x_wconf 85' lang='lat' dir='ltr'><strong>aut</strong></span> <span class='ocrx_word' id='word_1_39' title='bbox 210 1021 289 1082; x_wconf 82' lang='lat' dir='ltr'><strong>prae</strong></span> <span class='ocrx_word' id='word_1_40' title='bbox 311 998 427 1066; x_wconf 88' lang='lat' dir='ltr'><strong>dolore</strong></span> <span class='ocrx_word' id='word_1_41' title='bbox 448 1001 620 1087; x_wconf 79' lang='lat' dir='ltr'><strong>gemimus.</strong></span> <span class='ocrx_word' id='word_1_42' title='bbox 666 1000 718 1066; x_wconf 83' lang='lat' dir='ltr'><strong>Ex</strong></span> <span class='ocrx_word' id='word_1_43' title='bbox 733 1023 846 1077; x_wconf 81' lang='lat' dir='ltr'><strong>amore</strong></span> <span class='ocrx_word' id='word_1_44' title='bbox 863 1004 973 1087; x_wconf 77' lang='lat' dir='ltr'><strong>itaque</strong></span> <span class='ocrx_word' id='word_1_45' title='bbox 996 1003 1137 1074; x_wconf 59' lang='lat' dir='ltr'><strong>affectum</strong></span> 
     </span>
     <span class='ocr_line' id='line_1_8' title="bbox 130 1113 1134 1219; baseline 0.002 -43"><span class='ocrx_word' id='word_1_46' title='bbox 130 1113 195 1178; x_wconf 83' lang='lat' dir='ltr'><strong>iate</strong></span> <span class='ocrx_word' id='word_1_47' title='bbox 217 1113 347 1184; x_wconf 70' lang='lat' dir='ltr'><strong>diuinus</strong></span> <span class='ocrx_word' id='word_1_48' title='bbox 370 1114 502 1196; x_wconf 79' lang='lat' dir='ltr'><strong>spiritus</strong></span> <span class='ocrx_word' id='word_1_49' title='bbox 525 1115 655 1180; x_wconf 90' lang='lat' dir='ltr'><strong>dicitur.</strong></span> <span class='ocrx_word' id='word_1_50' title='bbox 699 1115 742 1178; x_wconf 80' lang='lat' dir='ltr'><strong>Et</strong></span> <span class='ocrx_word' id='word_1_51' title='bbox 766 1127 863 1194; x_wconf 89' lang='lat' dir='ltr'><strong>nota,</strong></span> <span class='ocrx_word' id='word_1_52' title='bbox 890 1116 978 1200; x_wconf 86' lang='lat' dir='ltr'><strong>quod</strong></span> <span class='ocrx_word' id='word_1_53' title='bbox 1004 1124 1134 1219; x_wconf 78' lang='lat' dir='ltr'><strong>comet</strong></span> 
     </span>
     <span class='ocr_line' id='line_1_9' title="bbox 130 1221 1134 1310; baseline 0.003 -22"><span class='ocrx_word' id='word_1_54' title='bbox 130 1221 237 1290; x_wconf 71' lang='lat' dir='ltr'><strong>filiu·-</strong></span> <span class='ocrx_word' id='word_1_55' title='bbox 254 1226 411 1308; x_wconf 89' lang='lat' dir='ltr'><strong>procedat</strong></span> <span class='ocrx_word' id='word_1_56' title='bbox 445 1247 466 1289; x_wconf 88' lang='lat' dir='ltr'><strong>a</strong></span> <span class='ocrx_word' id='word_1_57' title='bbox 495 1237 608 1308; x_wconf 88' lang='lat' dir='ltr'><strong>patre,</strong></span> <span class='ocrx_word' id='word_1_58' title='bbox 641 1227 747 1308; x_wconf 84' lang='lat' dir='ltr'><strong>ipsum</strong></span> <span class='ocrx_word' id='word_1_59' title='bbox 781 1238 891 1292; x_wconf 86' lang='lat' dir='ltr'><strong>antem</strong></span> <span class='ocrx_word' id='word_1_60' title='bbox 912 1225 1134 1310; x_wconf 78' lang='lat' dir='ltr'><strong>procederea</strong></span> 
     </span>
    </p>
   </div>
   <div class='ocr_carea' id='block_1_5' title="bbox 8 1336 1135 1430">
    <p class='ocr_par' dir='ltr' id='par_1_5' title="bbox 8 1336 1135 1430">
     <span class='ocr_line' id='line_1_10' title="bbox 8 1336 1135 1430; baseline 0.002 -31"><span class='ocrx_word' id='word_1_61' title='bbox 8 1401 22 1430; x_wconf 61' lang='lat' dir='ltr'>x</span> <span class='ocrx_word' id='word_1_62' title='bbox 131 1347 226 1418; x_wconf 87' lang='lat' dir='ltr'><strong>patre</strong></span> <span class='ocrx_word' id='word_1_63' title='bbox 248 1360 314 1402; x_wconf 89' lang='lat' dir='ltr'><strong>non</strong></span> <span class='ocrx_word' id='word_1_64' title='bbox 336 1338 380 1401; x_wconf 83' lang='lat' dir='ltr'><strong>ait</strong></span> <span class='ocrx_word' id='word_1_65' title='bbox 401 1336 510 1416; x_wconf 86' lang='lat' dir='ltr'><strong>aliud,</strong></span> <span class='ocrx_word' id='word_1_66' title='bbox 541 1359 638 1421; x_wconf 87' lang='lat' dir='ltr'><strong>quam</strong></span> <span class='ocrx_word' id='word_1_67' title='bbox 660 1341 767 1420; x_wconf 86' lang='lat' dir='ltr'><strong>ipsum</strong></span> <span class='ocrx_word' id='word_1_68' title='bbox 800 1352 934 1422; x_wconf 83' lang='lat' dir='ltr'><strong>epatre</strong></span> <span class='ocrx_word' id='word_1_69' title='bbox 954 1339 1066 1427; x_wconf 82' lang='lat' dir='ltr'><strong>gigni,</strong></span> <span class='ocrx_word' id='word_1_70' title='bbox 1100 1349 1135 1402; x_wconf 88' lang='lat' dir='ltr'><strong>et</strong></span> 
     </span>
    </p>
   </div>
   <div class='ocr_carea' id='block_1_6' title="bbox 133 1449 1134 1756">
    <p class='ocr_par' dir='ltr' id='par_1_6' title="bbox 133 1449 1134 1756">
     <span class='ocr_line' id='line_1_11' title="bbox 133 1449 1134 1534; baseline 0.003 -23"><span class='ocrx_word' id='word_1_71' title='bbox 133 1449 268 1530; x_wconf 75' lang='lat' dir='ltr'><strong>spiritua</strong></span> <span class='ocrx_word' id='word_1_72' title='bbox 291 1461 425 1531; x_wconf 83' lang='lat' dir='ltr'><strong>epatre</strong></span> <span class='ocrx_word' id='word_1_73' title='bbox 447 1471 577 1533; x_wconf 90' lang='lat' dir='ltr'><strong>quoque</strong></span> <span class='ocrx_word' id='word_1_74' title='bbox 598 1451 757 1532; x_wconf 78' lang='lat' dir='ltr'><strong>procedit,</strong></span> <span class='ocrx_word' id='word_1_75' title='bbox 780 1473 845 1514; x_wconf 92' lang='lat' dir='ltr'><strong>non</strong></span> <span class='ocrx_word' id='word_1_76' title='bbox 869 1463 977 1516; x_wconf 84' lang='lat' dir='ltr'><strong>tomen</strong></span> <span class='ocrx_word' id='word_1_77' title='bbox 1000 1451 1134 1534; x_wconf 76' lang='lat' dir='ltr'><strong>spirituc</strong></span> 
     </span>
     <span class='ocr_line' id='line_1_12' title="bbox 134 1562 1134 1649; baseline 0.004 -23"><span class='ocrx_word' id='word_1_78' title='bbox 134 1582 157 1626; x_wconf 89' lang='lat' dir='ltr'><strong>a</strong></span> <span class='ocrx_word' id='word_1_79' title='bbox 183 1573 278 1642; x_wconf 90' lang='lat' dir='ltr'><strong>patre</strong></span> <span class='ocrx_word' id='word_1_80' title='bbox 310 1565 465 1649; x_wconf 74' lang='lat' dir='ltr'><strong>gignitur.</strong></span> <span class='ocrx_word' id='word_1_81' title='bbox 519 1562 624 1628; x_wconf 71' lang='lat' dir='ltr'><strong>Filius</strong></span> <span class='ocrx_word' id='word_1_82' title='bbox 657 1565 743 1628; x_wconf 92' lang='lat' dir='ltr'><strong>enim</strong></span> <span class='ocrx_word' id='word_1_83' title='bbox 775 1565 924 1646; x_wconf 87' lang='lat' dir='ltr'><strong>procedit</strong></span> <span class='ocrx_word' id='word_1_84' title='bbox 957 1575 992 1627; x_wconf 91' lang='lat' dir='ltr'><strong>nt</strong></span> <span class='ocrx_word' id='word_1_85' title='bbox 1024 1573 1134 1641; x_wconf 74' lang='lat' dir='ltr'><strong>natur,</strong></span> 
     </span>
     <span class='ocr_line' id='line_1_13' title="bbox 133 1675 799 1756; baseline 0.011 -19"><span class='ocrx_word' id='word_1_86' title='bbox 133 1675 267 1756; x_wconf 78' lang='lat' dir='ltr'><strong>epiritue</strong></span> <span class='ocrx_word' id='word_1_87' title='bbox 288 1687 422 1742; x_wconf 76' lang='lat' dir='ltr'><strong>sanctus</strong></span> <span class='ocrx_word' id='word_1_88' title='bbox 443 1696 528 1755; x_wconf 90' lang='lat' dir='ltr'><strong>non,</strong></span> <span class='ocrx_word' id='word_1_89' title='bbox 551 1675 611 1742; x_wconf 78' lang='lat' dir='ltr'><strong>sed</strong></span> <span class='ocrx_word' id='word_1_90' title='bbox 632 1688 669 1742; x_wconf 93' lang='lat' dir='ltr'><strong>ut</strong></span> <span class='ocrx_word' id='word_1_91' title='bbox 689 1678 799 1744; x_wconf 78' lang='lat' dir='ltr'><strong>datus.</strong></span> 
     </span>
    </p>
   </div>
   <div class='ocr_carea' id='block_1_7' title="bbox 524 1889 745 1974">
    <p class='ocr_par' dir='ltr' id='par_1_7' title="bbox 524 1889 745 1974">
     <span class='ocr_line' id='line_1_14' title="bbox 524 1889 745 1974; baseline 0 -18"><span class='ocrx_word' id='word_1_92' title='bbox 524 1890 630 1974; x_wconf 87' lang='lat' dir='ltr'><strong>Caput</strong></span> <span class='ocrx_word' id='word_1_93' title='bbox 651 1889 745 1958; x_wconf 90' lang='lat' dir='ltr'><strong>XVI.</strong></span> 
     </span>
    </p>
   </div>
   <div class='ocr_carea' id='block_1_8' title="bbox 132 1973 1134 2173">
    <p class='ocr_par' dir='ltr' id='par_1_8' title="bbox 132 1973 1134 2173">
     <span class='ocr_line' id='line_1_15' title="bbox 132 1973 1134 2092; baseline -0.001 -33"><span class='ocrx_word' id='word_1_94' title='bbox 132 2003 280 2070; x_wconf 68' lang='lat' dir='ltr'><strong>Quomodo</strong></span> <span class='ocrx_word' id='word_1_95' title='bbox 305 2004 401 2059; x_wconf 78' lang='lat' dir='ltr'><strong>valeat</strong></span> <span class='ocrx_word' id='word_1_96' title='bbox 426 2004 544 2058; x_wconf 78' lang='lat' dir='ltr'><strong>Graecis</strong></span> <span class='ocrx_word' id='word_1_97' title='bbox 576 2004 755 2074; x_wconf 71' lang='lat' dir='ltr'><strong>responderi,</strong></span> <span class='ocrx_word' id='word_1_98' title='bbox 787 2004 843 2074; x_wconf 67' lang='lat' dir='ltr'><strong>qui,</strong></span> <span class='ocrx_word' id='word_1_99' title='bbox 861 2003 974 2068; x_wconf 85' lang='lat' dir='ltr'><strong>dicunt,</strong></span> <span class='ocrx_word' id='word_1_100' title='bbox 1007 1973 1134 2092; x_wconf 79' lang='lat' dir='ltr'><strong>epiritnm</strong></span> 
     </span>
     <span class='ocr_line' id='line_1_16' title="bbox 204 2100 967 2173; baseline -0.003 -15"><span class='ocrx_word' id='word_1_101' title='bbox 204 2107 333 2158; x_wconf 76' lang='lat' dir='ltr'><strong>nanctum</strong></span> <span class='ocrx_word' id='word_1_102' title='bbox 349 2119 368 2156; x_wconf 86' lang='lat' dir='ltr'><strong>a</strong></span> <span class='ocrx_word' id='word_1_103' title='bbox 385 2102 442 2158; x_wconf 83' lang='lat' dir='ltr'><strong>tilio</strong></span> <span class='ocrx_word' id='word_1_104' title='bbox 461 2101 630 2173; x_wconf 79' lang='lat' dir='ltr'><strong>procedere,</strong></span> <span class='ocrx_word' id='word_1_105' title='bbox 649 2117 705 2156; x_wconf 93' lang='lat' dir='ltr'><strong>non</strong></span> <span class='ocrx_word' id='word_1_106' title='bbox 722 2100 825 2156; x_wconf 89' lang='lat' dir='ltr'><strong>debere</strong></span> <span class='ocrx_word' id='word_1_107' title='bbox 842 2100 967 2156; x_wconf 87' lang='lat' dir='ltr'><strong>concedi.</strong></span> 
     </span>
    </p>
   </div>
   <div class='ocr_carea' id='block_1_9' title="bbox 131 2238 1135 2777">
    <p class='ocr_par' dir='ltr' id='par_1_9' title="bbox 131 2238 1135 2777">
     <span class='ocr_line' id='line_1_17' title="bbox 220 2238 1135 2325; baseline -0.004 -17"><span class='ocrx_word' id='word_1_108' title='bbox 220 2242 275 2308; x_wconf 88' lang='lat' dir='ltr'><strong>De</strong></span> <span class='ocrx_word' id='word_1_109' title='bbox 308 2241 373 2308; x_wconf 89' lang='lat' dir='ltr'><strong>huc</strong></span> <span class='ocrx_word' id='word_1_110' title='bbox 407 2243 619 2325; x_wconf 80' lang='lat' dir='ltr'><strong>processione</strong></span> <span class='ocrx_word' id='word_1_111' title='bbox 654 2241 790 2324; x_wconf 80' lang='lat' dir='ltr'><strong>spiritua</strong></span> <span class='ocrx_word' id='word_1_112' title='bbox 820 2238 861 2306; x_wconf 82' lang='lat' dir='ltr'><strong>ab</strong></span> <span class='ocrx_word' id='word_1_113' title='bbox 890 2252 1029 2323; x_wconf 83' lang='lat' dir='ltr'><strong>utroque</strong></span> <span class='ocrx_word' id='word_1_114' title='bbox 1049 2239 1135 2304; x_wconf 88' lang='lat' dir='ltr'><strong>inter</strong></span> 
     </span>
     <span class='ocr_line' id='line_1_18' title="bbox 132 2352 1134 2442; baseline -0.008 -18"><span class='ocrx_word' id='word_1_115' title='bbox 132 2378 195 2424; x_wconf 80' lang='lat' dir='ltr'><strong>not</strong></span> <span class='ocrx_word' id='word_1_116' title='bbox 217 2369 250 2421; x_wconf 90' lang='lat' dir='ltr'><strong>et</strong></span> <span class='ocrx_word' id='word_1_117' title='bbox 272 2355 419 2422; x_wconf 77' lang='lat' dir='ltr'><strong>Graecos</strong></span> <span class='ocrx_word' id='word_1_118' title='bbox 442 2364 562 2442; x_wconf 88' lang='lat' dir='ltr'><strong>magna</strong></span> <span class='ocrx_word' id='word_1_119' title='bbox 590 2355 764 2419; x_wconf 75' lang='lat' dir='ltr'><strong>diversitas</strong></span> <span class='ocrx_word' id='word_1_120' title='bbox 791 2365 855 2417; x_wconf 82' lang='lat' dir='ltr'><strong>est.</strong></span> <span class='ocrx_word' id='word_1_121' title='bbox 898 2352 1021 2417; x_wconf 88' lang='lat' dir='ltr'><strong>Dicunt</strong></span> <span class='ocrx_word' id='word_1_122' title='bbox 1042 2375 1134 2417; x_wconf 91' lang='lat' dir='ltr'><strong>nam-</strong></span> 
     </span>
     <span class='ocr_line' id='line_1_19' title="bbox 132 2463 1132 2561; baseline -0.007 -26"><span class='ocrx_word' id='word_1_123' title='bbox 132 2493 216 2554; x_wconf 86' lang='lat' dir='ltr'><strong>que,</strong></span> <span class='ocrx_word' id='word_1_124' title='bbox 248 2471 398 2552; x_wconf 79' lang='lat' dir='ltr'><strong>upiritum</strong></span> <span class='ocrx_word' id='word_1_125' title='bbox 420 2480 568 2533; x_wconf 77' lang='lat' dir='ltr'><strong>tanetum</strong></span> <span class='ocrx_word' id='word_1_126' title='bbox 589 2478 722 2549; x_wconf 85' lang='lat' dir='ltr'><strong>epatre</strong></span> <span class='ocrx_word' id='word_1_127' title='bbox 756 2477 886 2561; x_wconf 80' lang='lat' dir='ltr'><strong>tamon,</strong></span> <span class='ocrx_word' id='word_1_128' title='bbox 907 2486 1040 2532; x_wconf 81' lang='lat' dir='ltr'><strong>nonex</strong></span> <span class='ocrx_word' id='word_1_129' title='bbox 1060 2463 1132 2528; x_wconf 87' lang='lat' dir='ltr'><strong>filio</strong></span> 
     </span>
     <span class='ocr_line' id='line_1_20' title="bbox 132 2579 1134 2667; baseline -0.003 -19"><span class='ocrx_word' id='word_1_130' title='bbox 132 2581 332 2665; x_wconf 80' lang='lat' dir='ltr'><strong>procedere,</strong></span> <span class='ocrx_word' id='word_1_131' title='bbox 367 2593 400 2646; x_wconf 90' lang='lat' dir='ltr'><strong>et</strong></span> <span class='ocrx_word' id='word_1_132' title='bbox 420 2581 484 2646; x_wconf 90' lang='lat' dir='ltr'><strong>hoc</strong></span> <span class='ocrx_word' id='word_1_133' title='bbox 507 2583 702 2646; x_wconf 89' lang='lat' dir='ltr'><strong>auctoritate</strong></span> <span class='ocrx_word' id='word_1_134' title='bbox 725 2580 972 2667; x_wconf 86' lang='lat' dir='ltr'><strong>evangeliorum</strong></span> <span class='ocrx_word' id='word_1_135' title='bbox 995 2590 1029 2644; x_wconf 92' lang='lat' dir='ltr'><strong>et</strong></span> <span class='ocrx_word' id='word_1_136' title='bbox 1051 2579 1134 2645; x_wconf 88' lang='lat' dir='ltr'><strong>alia·</strong></span> 
     </span>
     <span class='ocr_line' id='line_1_21' title="bbox 131 2683 1133 2777; baseline -0.002 -19"><span class='ocrx_word' id='word_1_137' title='bbox 131 2715 204 2761; x_wconf 87' lang='lat' dir='ltr'><strong>rum</strong></span> <span class='ocrx_word' id='word_1_138' title='bbox 225 2683 480 2777; x_wconf 80' lang='lat' dir='ltr'><strong>apostolicarum</strong></span> <span class='ocrx_word' id='word_1_139' title='bbox 501 2696 733 2776; x_wconf 78' lang='lat' dir='ltr'><strong>scripturarum</strong></span> <span class='ocrx_word' id='word_1_140' title='bbox 751 2692 956 2757; x_wconf 88' lang='lat' dir='ltr'><strong>confirmant.</strong></span> <span class='ocrx_word' id='word_1_141' title='bbox 999 2691 1038 2756; x_wconf 84' lang='lat' dir='ltr'><strong>In</strong></span> <span class='ocrx_word' id='word_1_142' title='bbox 1061 2692 1133 2776; x_wconf 84' lang='lat' dir='ltr'><strong>qui-</strong></span> 
     </span>
    </p>
   </div>
   <div class='ocr_carea' id='block_1_10' title="bbox 132 2783 1314 2884">
    <p class='ocr_par' dir='ltr' id='par_1_10' title="bbox 132 2776 1314 2884">
     <span class='ocr_line' id='line_1_22' title="bbox 132 2783 1314 2884; baseline -0.022 -2"><span class='ocrx_word' id='word_1_143' title='bbox 132 2805 194 2872; x_wconf 68' lang='lat' dir='ltr'><strong>bu*</strong></span> <span class='ocrx_word' id='word_1_144' title='bbox 218 2828 290 2872; x_wconf 77' lang='lat' dir='ltr'><strong>oum</strong></span> <span class='ocrx_word' id='word_1_145' title='bbox 324 2805 416 2872; x_wconf 86' lang='lat' dir='ltr'><strong>nulla</strong></span> <span class='ocrx_word' id='word_1_146' title='bbox 448 2808 570 2870; x_wconf 88' lang='lat' dir='ltr'><strong>mentio</strong></span> <span class='ocrx_word' id='word_1_147' title='bbox 605 2804 783 2884; x_wconf 83' lang='lat' dir='ltr'><strong>habeatur,</strong></span> <span class='ocrx_word' id='word_1_148' title='bbox 817 2805 902 2870; x_wconf 89' lang='lat' dir='ltr'><strong>nihil</strong></span> <span class='ocrx_word' id='word_1_149' title='bbox 930 2804 1021 2871; x_wconf 85' lang='lat' dir='ltr'><strong>aliud</strong></span> <span class='ocrx_word' id='word_1_150' title='bbox 1043 2815 1135 2870; x_wconf 77' lang='lat' dir='ltr'><strong>esset</strong></span> <span class='ocrx_word' id='word_1_151' title='bbox 1310 2783 1314 2794; x_wconf 76' lang='grc'><strong>’</strong></span> 
     </span>
    </p>
   </div>
   <div class='ocr_carea' id='block_1_11' title="bbox 130 2917 1135 3798">
    <p class='ocr_par' dir='ltr' id='par_1_11' title="bbox 130 2917 1135 3798">
     <span class='ocr_line' id='line_1_23' title="bbox 130 2917 1132 3002; baseline -0.005 -17"><span class='ocrx_word' id='word_1_152' title='bbox 130 2919 328 2997; x_wconf 88' lang='lat' dir='ltr'><strong>addendum,</strong></span> <span class='ocrx_word' id='word_1_153' title='bbox 350 2917 497 3002; x_wconf 86' lang='lat' dir='ltr'><strong>nihilque</strong></span> <span class='ocrx_word' id='word_1_154' title='bbox 518 2919 604 3002; x_wconf 85' lang='lat' dir='ltr'><strong>quod</strong></span> <span class='ocrx_word' id='word_1_155' title='bbox 626 2921 660 2984; x_wconf 91' lang='lat' dir='ltr'><strong>in</strong></span> <span class='ocrx_word' id='word_1_156' title='bbox 682 2922 731 2983; x_wconf 80' lang='lat' dir='ltr'><strong>ein</strong></span> <span class='ocrx_word' id='word_1_157' title='bbox 753 2920 960 2982; x_wconf 88' lang='lat' dir='ltr'><strong>contineatur</strong></span> <span class='ocrx_word' id='word_1_158' title='bbox 982 2917 1132 2986; x_wconf 81' lang='lat' dir='ltr'><strong>eaeetdi-</strong></span> 
     </span>
     <span class='ocr_line' id='line_1_24' title="bbox 132 3030 1134 3116; baseline 0 -20"><span class='ocrx_word' id='word_1_159' title='bbox 132 3034 284 3098; x_wconf 88' lang='lat' dir='ltr'><strong>cendum.</strong></span> <span class='ocrx_word' id='word_1_160' title='bbox 314 3030 491 3097; x_wconf 83' lang='lat' dir='ltr'><strong>Affirmant</strong></span> <span class='ocrx_word' id='word_1_161' title='bbox 503 3031 565 3098; x_wconf 87' lang='lat' dir='ltr'><strong>hoc</strong></span> <span class='ocrx_word' id='word_1_162' title='bbox 579 3053 718 3116; x_wconf 87' lang='lat' dir='ltr'><strong>quoque,</strong></span> <span class='ocrx_word' id='word_1_163' title='bbox 741 3034 905 3116; x_wconf 67' lang='lat' dir='ltr'><strong>qna&#39;rtntt)</strong></span> <span class='ocrx_word' id='word_1_164' title='bbox 921 3030 1134 3096; x_wconf 90' lang='lat' dir='ltr'><strong>conciliorum</strong></span> 
     </span>
     <span class='ocr_line' id='line_1_25' title="bbox 134 3144 1134 3224; baseline -0.002 -12"><span class='ocrx_word' id='word_1_165' title='bbox 134 3147 332 3212; x_wconf 87' lang='lat' dir='ltr'><strong>auctoritate</strong></span> <span class='ocrx_word' id='word_1_166' title='bbox 354 3145 492 3211; x_wconf 90' lang='lat' dir='ltr'><strong>firmiter</strong></span> <span class='ocrx_word' id='word_1_167' title='bbox 513 3158 676 3224; x_wconf 83' lang='lat' dir='ltr'><strong>astruunt,</strong></span> <span class='ocrx_word' id='word_1_168' title='bbox 697 3144 753 3211; x_wconf 87' lang='lat' dir='ltr'><strong>ubi</strong></span> <span class='ocrx_word' id='word_1_169' title='bbox 766 3145 917 3210; x_wconf 83' lang='lat' dir='ltr'><strong>doctores</strong></span> <span class='ocrx_word' id='word_1_170' title='bbox 931 3165 1043 3210; x_wconf 90' lang='lat' dir='ltr'><strong>eorum</strong></span> <span class='ocrx_word' id='word_1_171' title='bbox 1057 3159 1134 3210; x_wconf 85' lang='lat' dir='ltr'><strong>ame</strong></span> 
     </span>
     <span class='ocr_line' id='line_1_26' title="bbox 135 3244 1135 3340; baseline -0.003 -15"><span class='ocrx_word' id='word_1_172' title='bbox 135 3257 388 3325; x_wconf 78' lang='lat' dir='ltr'><strong>Constantinum</strong></span> <span class='ocrx_word' id='word_1_173' title='bbox 408 3244 639 3340; x_wconf 80' lang='lat' dir='ltr'><strong>imperatorem</strong></span> <span class='ocrx_word' id='word_1_174' title='bbox 668 3259 709 3322; x_wconf 89' lang='lat' dir='ltr'><strong>de</strong></span> <span class='ocrx_word' id='word_1_175' title='bbox 741 3257 808 3322; x_wconf 88' lang='lat' dir='ltr'><strong>fide</strong></span> <span class='ocrx_word' id='word_1_176' title='bbox 831 3254 994 3321; x_wconf 88' lang='lat' dir='ltr'><strong>catholica</strong></span> <span class='ocrx_word' id='word_1_177' title='bbox 1010 3269 1135 3322; x_wconf 86' lang='lat' dir='ltr'><strong>tracta-</strong></span> 
     </span>
     <span class='ocr_line' id='line_1_27' title="bbox 133 3368 1135 3456; baseline -0.004 -18"><span class='ocrx_word' id='word_1_178' title='bbox 133 3385 253 3438; x_wconf 84' lang='lat' dir='ltr'><strong>verunt</strong></span> <span class='ocrx_word' id='word_1_179' title='bbox 275 3385 309 3438; x_wconf 87' lang='lat' dir='ltr'><strong>et</strong></span> <span class='ocrx_word' id='word_1_180' title='bbox 328 3372 405 3436; x_wconf 92' lang='lat' dir='ltr'><strong>inde</strong></span> <span class='ocrx_word' id='word_1_181' title='bbox 434 3372 596 3456; x_wconf 86' lang='lat' dir='ltr'><strong>quoddam</strong></span> <span class='ocrx_word' id='word_1_182' title='bbox 624 3370 666 3435; x_wconf 88' lang='lat' dir='ltr'><strong>ab</strong></span> <span class='ocrx_word' id='word_1_183' title='bbox 691 3371 841 3436; x_wconf 79' lang='lat' dir='ltr'><strong>omnibus</strong></span> <span class='ocrx_word' id='word_1_184' title='bbox 863 3368 1034 3454; x_wconf 85' lang='lat' dir='ltr'><strong>probatum</strong></span> <span class='ocrx_word' id='word_1_185' title='bbox 1057 3391 1135 3435; x_wconf 91' lang='lat' dir='ltr'><strong>con·</strong></span> 
     </span>
     <span class='ocr_line' id='line_1_28' title="bbox 132 3475 1135 3570; baseline 0.002 -20"><span class='ocrx_word' id='word_1_186' title='bbox 132 3489 326 3566; x_wconf 70' lang='lat' dir='ltr'><strong>stituerunt,</strong></span> <span class='ocrx_word' id='word_1_187' title='bbox 355 3486 412 3551; x_wconf 90' lang='lat' dir='ltr'><strong>ubi</strong></span> <span class='ocrx_word' id='word_1_188' title='bbox 441 3486 566 3552; x_wconf 90' lang='lat' dir='ltr'><strong>nnllam</strong></span> <span class='ocrx_word' id='word_1_189' title='bbox 588 3488 787 3552; x_wconf 89' lang='lat' dir='ltr'><strong>mentionem</strong></span> <span class='ocrx_word' id='word_1_190' title='bbox 809 3487 850 3552; x_wconf 92' lang='lat' dir='ltr'><strong>de</strong></span> <span class='ocrx_word' id='word_1_191' title='bbox 873 3487 980 3553; x_wconf 78' lang='lat' dir='ltr'><strong>nancti</strong></span> <span class='ocrx_word' id='word_1_192' title='bbox 1002 3475 1135 3570; x_wconf 81' lang='lat' dir='ltr'><strong>spiritua</strong></span> 
     </span>
     <span class='ocr_line' id='line_1_29' title="bbox 133 3597 1135 3686; baseline 0.001 -22"><span class='ocrx_word' id='word_1_193' title='bbox 133 3619 156 3664; x_wconf 87' lang='lat' dir='ltr'><strong>a</strong></span> <span class='ocrx_word' id='word_1_194' title='bbox 176 3597 248 3664; x_wconf 91' lang='lat' dir='ltr'><strong>filio</strong></span> <span class='ocrx_word' id='word_1_195' title='bbox 270 3602 482 3682; x_wconf 77' lang='lat' dir='ltr'><strong>processione</strong></span> <span class='ocrx_word' id='word_1_196' title='bbox 504 3601 664 3666; x_wconf 81' lang='lat' dir='ltr'><strong>fecerunt.</strong></span> <span class='ocrx_word' id='word_1_197' title='bbox 692 3598 732 3665; x_wconf 89' lang='lat' dir='ltr'><strong>In</strong></span> <span class='ocrx_word' id='word_1_198' title='bbox 755 3603 849 3685; x_wconf 85' lang='lat' dir='ltr'><strong>cujuu</strong></span> <span class='ocrx_word' id='word_1_199' title='bbox 870 3599 983 3681; x_wconf 85' lang='lat' dir='ltr'><strong>finem,</strong></span> <span class='ocrx_word' id='word_1_200' title='bbox 999 3602 1135 3686; x_wconf 84' lang='lat' dir='ltr'><strong>quicun-</strong></span> 
     </span>
     <span class='ocr_line' id='line_1_30' title="bbox 131 3710 1133 3798; baseline 0.003 -23"><span class='ocrx_word' id='word_1_201' title='bbox 131 3734 197 3796; x_wconf 85' lang='lat' dir='ltr'><strong>que</strong></span> <span class='ocrx_word' id='word_1_202' title='bbox 220 3710 345 3796; x_wconf 80' lang='lat' dir='ltr'><strong>aliquid</strong></span> <span class='ocrx_word' id='word_1_203' title='bbox 366 3712 469 3792; x_wconf 81' lang='lat' dir='ltr'><strong>aliud,</strong></span> <span class='ocrx_word' id='word_1_204' title='bbox 501 3735 596 3798; x_wconf 84' lang='lat' dir='ltr'><strong>quam</strong></span> <span class='ocrx_word' id='word_1_205' title='bbox 618 3716 658 3790; x_wconf 83' lang='lat' dir='ltr'><strong>in,</strong></span> <span class='ocrx_word' id='word_1_206' title='bbox 675 3713 739 3779; x_wconf 90' lang='lat' dir='ltr'><strong>hoc</strong></span> <span class='ocrx_word' id='word_1_207' title='bbox 760 3711 913 3798; x_wconf 75' lang='lat' dir='ltr'><strong>symbolo</strong></span> <span class='ocrx_word' id='word_1_208' title='bbox 936 3716 1133 3794; x_wconf 84' lang='lat' dir='ltr'><strong>continetur,</strong></span> 
     </span>
    </p>
   </div>
   <div class='ocr_carea' id='block_1_12' title="bbox 0 3824 1134 3914">
    <p class='ocr_par' dir='ltr' id='par_1_12' title="bbox 0 3824 1134 3914">
     <span class='ocr_line' id='line_1_31' title="bbox 0 3824 1134 3914; baseline -0.001 -23"><span class='ocrx_word' id='word_1_209' title='bbox 0 3903 1 3914; x_wconf 9' lang='grc' dir='ltr'>χ</span> <span class='ocrx_word' id='word_1_210' title='bbox 35 3845 39 3850; x_wconf 93' lang='grc'><strong><em>·</em></strong></span> <span class='ocrx_word' id='word_1_211' title='bbox 134 3825 272 3892; x_wconf 86' lang='lat' dir='ltr'><strong>adderet</strong></span> <span class='ocrx_word' id='word_1_212' title='bbox 303 3825 359 3892; x_wconf 87' lang='lat' dir='ltr'><strong>vel</strong></span> <span class='ocrx_word' id='word_1_213' title='bbox 392 3824 516 3912; x_wconf 81' lang='lat' dir='ltr'><strong>aliquid</strong></span> <span class='ocrx_word' id='word_1_214' title='bbox 551 3839 693 3892; x_wconf 88' lang='lat' dir='ltr'><strong>mutaret</strong></span> <span class='ocrx_word' id='word_1_215' title='bbox 722 3825 933 3892; x_wconf 88' lang='lat' dir='ltr'><strong>anathemate</strong></span> <span class='ocrx_word' id='word_1_216' title='bbox 962 3847 1134 3910; x_wconf 75' lang='lat' dir='ltr'><strong>percurre·</strong></span> 
     </span>
    </p>
   </div>
   <div class='ocr_carea' id='block_1_13' title="bbox 132 3937 1134 4024">
    <p class='ocr_par' dir='ltr' id='par_1_13' title="bbox 132 3937 1134 4024">
     <span class='ocr_line' id='line_1_32' title="bbox 132 3937 1134 4024; baseline 0 -20"><span class='ocrx_word' id='word_1_217' title='bbox 132 3946 222 4004; x_wconf 85' lang='lat' dir='ltr'><strong>runt.</strong></span> <span class='ocrx_word' id='word_1_218' title='bbox 268 3937 342 4015; x_wconf 77' lang='lat' dir='ltr'><strong>Quo</strong></span> <span class='ocrx_word' id='word_1_219' title='bbox 364 3951 497 4024; x_wconf 86' lang='lat' dir='ltr'><strong>propter</strong></span> <span class='ocrx_word' id='word_1_220' title='bbox 518 3940 680 4021; x_wconf 78' lang='lat' dir='ltr'><strong>videnter,</strong></span> <span class='ocrx_word' id='word_1_221' title='bbox 702 3941 871 4010; x_wconf 75' lang='lat' dir='ltr'><strong>Romanor</strong></span> <span class='ocrx_word' id='word_1_222' title='bbox 896 3941 981 4008; x_wconf 84' lang='lat' dir='ltr'><strong>hunc</strong></span> <span class='ocrx_word' id='word_1_223' title='bbox 1001 3959 1134 4024; x_wconf 80' lang='lat' dir='ltr'><strong>procer·</strong></span> 
     </span>
    </p>
   </div>
   <div class='ocr_carea' id='block_1_14' title="bbox 0 0 1374 4486">
    <p class='ocr_par' dir='ltr' id='par_1_14' title="bbox 0 0 1374 4486">
     <span class='ocr_line' id='line_1_33' title="bbox 0 0 1374 4486; baseline 0 0"><span class='ocrx_word' id='word_1_224' title='bbox 0 0 1374 4486; x_wconf 95' lang='lat' dir='ltr'><strong> </strong></span> 
     </span>
    </p>
   </div>
  </div>
 </body>
</html>
