2798 4486
188 211 206 235 ⁵
254 255 361 310 ,uu

294 405 434 491 arrisit,
460 399 594 475 denuo
616 398 739 474 lectus
764 401 888 498 magis
913 401 1031 476 etiam
1056 401 1216 502 placuit,
1243 417 1280 477 et
1369 459 1370 468 .

293 562 387 640 prae
399 533 563 634 reliquis
582 531 725 630 dignus
744 532 858 621 visus,
878 535 946 633 qui
963 534 1005 608 in
1019 533 1150 615 lucem
1169 535 1280 610 emit·
1308 636 1311 642 ι

294 655 449 746 teretur.
474 664 645 742 Assensit
660 668 696 739 S.
710 667 754 740 V.
766 666 958 741 Neander.
983 651 1035 739 In
1048 667 1278 767 exequendo
1287 669 1292 752 J
1328 647 1335 658 ⁵

211 782 215 787 i
293 827 386 878 vero
417 782 495 876 boc
521 797 730 872 conanime
758 811 862 872 tanta
893 821 959 872 me
987 795 1134 895 adjuvit
1163 800 1280 874 bene-

293 929 768 1036 volentiaNobilissimus
801 929 856 1004 de
889 931 1102 1030 Copitar,
1134 922 1279 1006 Biblio-
1349 977 1351 982 ·

293 1067 427 1141 thecae
445 1065 651 1139 Caesareae
668 1062 927 1161 Praepositus,
946 1076 993 1136 ut
1009 1062 1069 1136 vix
1088 1060 1205 1159 digne
1224 1088 1280 1138 sa-

293 1198 341 1272 tis
364 1195 525 1270 laudare
547 1194 697 1293 possim
716 1194 799 1272 Viri
826 1191 1042 1268 doctissimi
1061 1194 1280 1270 humanita-

293 1343 375 1403 tem
400 1351 443 1401 ac
468 1326 746 1413 liberalitatem,
773 1326 979 1404 communi
1002 1326 1186 1401 omnium
1208 1327 1279 1403 du·
1381 1423 1384 1436 ¹

294 1445 393 1536 dum
418 1458 535 1533 laude
562 1457 803 1532 celebratam.

375 1591 510 1667 Codex
535 1583 678 1664 noster
693 1591 735 1663 in
761 1589 993 1664 collectione
1016 1595 1110 1666 MM.
1135 1591 1281 1667 Biblio-
1334 1661 1336 1673 ,

90 1717 93 1732 ’
216 1717 217 1720 “
292 1724 427 1799 thecae
446 1722 769 1798 vindobonensis
795 1721 1033 1822 amplissima
1060 1722 1282 1820 designatus
1373 1765 1377 1774 ·

293 1870 350 1932 est
371 1861 417 1932 N.
436 1857 568 1931 DXXI.
595 1853 663 1952 (al.
683 1855 780 1944 666.)
807 1853 1052 1954 sectionique
1076 1854 1283 1948 librorum,

293 1987 574 2090 quiOdicuntur
596 1967 792 2087 polemici,¹
819 2001 1101 2074 annumeratur
1126 1991 1283 2064 aDeni-
1331 2015 1335 2018 ·

291 2121 350 2196 sio
375 2119 421 2218 Ι).
462 2118 703 2198 Membranis
725 2133 782 2194 est
799 2119 1017 2223 inscriptus
1042 2089 1173 2195 folior.
1189 2125 1281 2196 LXI.

147 2339 149 2345 k
290 2255 340 2340 4.,
371 2252 421 2327 ad
447 2251 567 2325 seculi
592 2250 767 2340 ineuntis
792 2255 891 2327 Xlll.
917 2250 1138 2327 secundum
1163 2253 1283 2328 Deni-

162 2385 164 2390 ’
261 2383 396 2458 ¹sium
420 2380 667 2469 referendus,
694 2406 778 2457 non
805 2381 950 2456 eodem
973 2407 1045 2483 per
1068 2395 1198 2458 totum
1218 2385 1284 2485 uni·
1379 2417 1384 2468 .‘

143 2496 148 2504 ¹
261 2529 377 2588 tore
410 2528 527 2615 atque
554 2512 754 2610 diligentia
787 2528 970 2596 exaratus.
1019 2514 1137 2594 Haud
1166 2518 1282 2616 pauci

288 2647 330 2720 in
357 2646 506 2722 Codice
531 2646 782 2746 reperiuntur
807 2643 968 2746 errores,
996 2671 1099 2746 quos
1123 2647 1195 2722 ubi
1222 2673 1283 2724 ca-

254 2869 256 2874 .
288 2777 395 2853 lamo
413 2778 560 2852 librarii
576 2778 769 2864 admissos
787 2802 869 2854 esse
884 2779 1074 2880 apparuit,
1097 2780 1282 2856 emenda-

289 2911 429 3010 vimus,
446 2910 517 2984 ubi
534 2935 627 2984 vero
650 2908 886 2986 dubitationi
905 2911 1016 2989 locus
1032 2925 1121 2998 erat,
1134 2910 1283 2990 librum
1332 2956 1334 2960 -

219 3111 224 3119 .
291 3043 340 3118 ad
360 3041 513 3118 literam
532 3043 632 3144 typis
654 3043 931 3124 excudendum
951 3024 1183 3131 curavimus,
1205 3044 1282 3119 lec-

289 3173 522 3276 tionemque
553 3175 768 3272 genuinam
802 3174 1035 3273 conjecturis
1070 3189 1137 3257 aut
1160 3177 1281 3251 textui

226 3381 229 3388 ,
289 3306 529 3406 interpositis
547 3321 614 3400 aut
630 3307 842 3408 suppositis
856 3310 1059 3386 restituere
1074 3308 1202 3383 conati
1217 3334 1282 3383 su·

291 3463 391 3512 mus.
441 3442 474 3513 E
504 3443 629 3514 Textu
665 3440 777 3542 quod
808 3440 1015 3527 videbatur
1044 3439 1281 3538 ejiciendum

287 3570 414 3657 uncis,
433 3571 544 3672 quod
562 3545 831 3669 adjiciendum
849 3556 997 3648 lunulis
1013 3572 1256 3670 inclusimus.

246 3746 250 3757 ‹
370 3705 560 3790 Amano,
582 3690 717 3803 paullo
740 3681 962 3814 ¹recentiore
990 3705 1199 3803 insignitus
1225 3720 1284 3780 est

310 3911 347 3990 l)
366 3909 405 3971 M.
426 3911 555 3990 Derris,
581 3913 653 3976 God.
674 3912 758 3976 Mser.
779 3915 880 3977 Tlteol.
900 3911 976 3978 Bibl.
996 3913 1088 3976 Palat.
1109 3914 1197 4016 Vipd.
1212 3911 1288 3978 bal..

366 4014 431 4078 vot.
450 4015 473 4076 r.
494 4015 526 4078 P.
547 4015 583 4077 u.
623 4017 751 4084 vatos.
772 4022 857 4082 1794.
886 4021 905 4079 f.
934 4041 962 4099 p.
984 4019 1110 4084 tmen
1134 4105 1137 4112 Ι
