2740 4486
279 424 372 492 eunt,
403 433 487 498 quae
509 415 696 499 conjugium
717 413 916 495 Impediunt,
947 410 1121 501 coguatio,
1151 431 1272 498 rotato,

184 611 186 626 ,
279 514 378 607 ordo,
399 529 575 612 frigiditas.
620 527 720 606 Sunt,
744 531 799 610 qni
821 530 856 591 iu
877 543 1006 594 secreto
1037 535 1272 597 continentiam

277 654 411 724 vovent.
443 641 510 716 lli,
532 643 561 702 ιὶ
582 659 647 702 non
669 653 806 722 possunt
828 645 1008 721 continere,
1031 645 1072 707 de
1095 657 1172 706 voto
1193 666 1271 726 poe·

257 761 403 822 'niteant
433 766 467 817 et
493 753 774 817 uxores-ducant.
825 753 891 828 Qui
922 775 1001 818 vero
1032 758 1068 820 in
1096 759 1271 822 manifesto

276 882 387 934 votum
407 867 550 944 faciunt,
578 878 614 929 ut
635 865 814 930 monachus
843 879 876 930 et
898 869 1074 946 sacerdos,
1103 873 1271 933 matrimo-

277 987 365 1048 nium
388 979 581 1042 contrahere
604 993 779 1062 nequeunt.
813 981 956 1046 Ordines
977 983 1175 1063 impediunt,
1198 1003 1273 1064 pos·

276 1107 352 1160 eunt
379 1107 488 1173 temen
517 1094 636 1156 ducere
664 1113 766 1176 usqne
796 1094 838 1156 ed
866 1092 1055 1176 acolythum
1083 1094 1141 1158 sed
1175 1093 1276 1156 bene·

274 1211 351 1276 ficia
373 1211 537 1274 dimittere
566 1205 700 1270 debent.
745 1204 811 1280 Qui
843 1229 922 1272 vero
951 1229 1050 1290 repre
1083 1206 1273 1289 acolythum

274 1323 417 1388 ordinati
438 1333 513 1385 sunt
543 1320 658 1382 ducere
688 1340 752 1382 non
775 1334 922 1400 possunt.
958 1319 1138 1406 Gregorius
1161 1334 1273 1383 temen

275 1435 423 1521 Anglicis
446 1434 610 1515 permisit,
643 1433 719 1514 quia
749 1453 851 1512 nuper
874 1435 1051 1498 conversis·
1065 1435 1112 1496 ad·
1127 1433 1225 1496 fidem
1244 1433 1274 1496 si

276 1549 337 1612 hoe
353 1548 430 1626 (eis)
452 1543 691 1626 prohiberetur,
715 1544 814 1608 facile
831 1545 936 1608 relabi
951 1559 1099 1627 possent·
1122 1545 1273 1609 Servitus

275 1664 376 1726 etiem
397 1658 543 1740 impedit.
594 1657 630 1722 Si
655 1661 726 1742 quis
749 1663 835 1722 enim
858 1681 894 1723 se
915 1662 1089 1743 ignorante
1117 1659 1273 1723 ancillam

274 1775 361 1837 ducit
383 1769 538 1850 alterius,
568 1753 596 1834 si
618 1770 761 1835 noluerit
783 1774 817 1834 in
839 1775 1031 1836 servitutem
1057 1773 1181 1858 redigi,
1215 1783 1274 1835 aut
1350 1839 1351 1866 ἦ

212 1879 214 1886 ’
273 1891 372 1951 etiam
400 1883 538 1947 redimat
565 1895 623 1946 aut
651 1885 804 1948 dimittat.
857 1884 941 1949 ltem
971 1887 1001 1949 si
1029 1887 1100 1968 quis
1130 1885 1272 1970 frigidus
1349 1873 1351 1910 f

272 2020 408 2064 uxorem
439 1998 568 2060 duxerit
599 2007 633 2060 et
661 2019 732 2060 eam
764 1994 886 2061 habere
910 2018 975 2062 non
1004 2000 1164 2080 potuerit,
1196 1999 1273 2060 Leo
1350 1973 1351 1978 ἵ

170 2091 173 2107 ’
272 2133 357 2196 pepe
385 2111 482 2186 dicit,
513 2110 597 2193 quod
620 2131 693 2174 eam
722 2111 885 2175 dimittere
915 2125 1035 2192 potest.
1090 2111 1273 2198 Gregorius

270 2244 350 2288 vero
379 2220 479 2300 dicit,
509 2243 584 2285 esse
617 2223 804 2306 conjugium
840 2236 873 2286 et
903 2225 933 2287 si
963 2245 1028 2288 non
1056 2237 1166 2306 potest
1196 2245 1274 2288 eam

271 2336 451 2402 habereut
478 2355 632 2412 uxerem,
660 2332 783 2397 habeut
810 2347 846 2398 ut
874 2357 1019 2401 sororem
1051 2350 1084 2400 et
1114 2357 1180 2400 non
1210 2339 1274 2402 mi-

269 2472 329 2514 nus
351 2449 417 2512 erit
435 2447 640 2531 conjugium,
673 2449 758 2511 sicut
785 2450 970 2532 conjugium
1001 2447 1132 2512 Mariae
1156 2461 1190 2512 et
1211 2450 1273 2514 lo·

268 2560 364 2644 seph.
408 2559 446 2622 Si
468 2579 547 2621 vero
570 2557 689 2622 mulier
709 2579 775 2622 non
797 2563 941 2643 potuerit
962 2565 1130 2626 continere
1153 2575 1186 2624 et
1205 2561 1274 2626 hoc
1348 2625 1349 2628 ,

268 2674 411 2748 dixerit,
434 2689 500 2731 non
531 2681 663 2751 propter
694 2666 757 2733 hoc
784 2673 985 2752 repetenda,
1021 2676 1097 2756 quia
1128 2695 1272 2769 necesse

268 2797 339 2862 ert,
364 2803 437 2844 earu
459 2783 639 2844 continere.
674 2780 756 2846 Inde
779 2782 1000 2868 Hieronymus
1023 2799 1057 2848 et
1072 2785 1273 2870 Theophra·
1350 2813 1351 2874 p

267 2911 339 2964 stus
353 2897 481 2959 dicunt:
505 2891 588 2980 nulli
607 2895 749 2975 sepienti
767 2894 915 2959 ducenda
930 2909 981 2961 est
994 2919 1090 2962 uxor.
1134 2898 1172 2962 In
1190 2899 1271 2962 aliis

269 3014 356 3078 enim
378 3007 522 3088 experiri
542 3025 734 3087 poscumus,
767 3007 878 3089 qualia
899 3009 983 3087 sint,
1012 3023 1185 3092 antequam
1207 3009 1272 3097 ha·

267 3125 422 3198 beamus,
452 3129 489 3182 ιιι
515 3139 653 3202 equum,
683 3129 857 3200 antequam
886 3139 1048 3199 emamnS,
1079 3132 1111 3183 et
1133 3135 1271 3198 cetera;

264 3231 521 3299 sedmulierem
552 3229 695 3311 experiri
723 3250 789 3295 non
817 3232 1049 3312 permittimur,
1082 3235 1147 3302 nisi
1174 3249 1273 3317 post·

264 3372 361 3436 qnam
383 3350 417 3413 iu
439 3367 575 3411 uxorem
598 3347 786 3428 accipimus
831 3347 914 3412 Item
936 3349 1055 3414 mulier
1084 3359 1141 3413 aut
1171 3360 1271 3412 casta

263 3474 316 3527 ert
343 3472 400 3524 eut
427 3463 567 3523 incesta.
615 3457 766 3521 sicema
788 3459 951 3541 superba,
980 3465 1010 3525 si
1035 3465 1163 3526 incerta
1182 3484 1272 3527 nun·

177 3594 180 3602 ·
263 3593 362 3657 quam
383 3573 447 3638 crit
467 3570 574 3635 libere
590 3591 611 3634 a
625 3572 824 3652 suspicione.
861 3570 1058 3660 conjugium
1076 3579 1175 3639 etiam
1192 3597 1270 3638 ser·

241 3686 348 3748 ,vitus
371 3683 501 3746 dicitur.
543 3681 639 3748 Unde
660 3682 862 3764 Apostolus:
886 3707 1002 3750 seruus
1019 3700 1153 3753 vocatus
1168 3707 1204 3750 es
1229 3701 1270 3752 ct

260 3809 391 3875 cetera,
419 3796 454 3858 id
475 3808 547 3874 est,
568 3797 602 3859 in
624 3798 781 3882 conjugio
808 3808 901 3862 utere
931 3802 1111 3877 servitute,
1142 3798 1272 3876 idest,

261 3907 375 3979 habito
397 3910 496 3977 etiam
523 3907 700 3991 occasione
727 3908 913 3978 dimittendi
938 3933 1005 3980 uon
1032 3912 1191 3980 dimittas.
1226 3909 1272 3978 Si
