<?xml version="1.0" encoding="UTF-8"?>
<!DOCTYPE html PUBLIC "-//W3C//DTD XHTML 1.0 Transitional//EN"
    "http://www.w3.org/TR/xhtml1/DTD/xhtml1-transitional.dtd">
<html xmlns="http://www.w3.org/1999/xhtml" xml:lang="en" lang="en">
 <head>
  <title>
</title>
<meta http-equiv="Content-Type" content="text/html;charset=utf-8" />
  <meta name='ocr-system' content='tesseract 3.04.00' />
  <meta name='ocr-capabilities' content='ocr_page ocr_carea ocr_par ocr_line ocrx_word'/>
</head>
<body>
  <div class='ocr_page' id='page_1' title='image "./dialogusinterph00abelgoog_0272.png"; bbox 0 0 2740 4486; ppageno 0'>
   <div class='ocr_carea' id='block_1_1' title="bbox 279 237 334 312">
    <p class='ocr_par' dir='ltr' id='par_1_1' title="bbox 279 237 334 312">
     <span class='ocr_line' id='line_1_1' title="bbox 279 237 334 312; baseline 0.036 -2"><span class='ocrx_word' id='word_1_1' title='bbox 279 237 334 312; x_wconf 79' lang='grc'>,86</span> 
     </span>
    </p>
   </div>
   <div class='ocr_carea' id='block_1_2' title="bbox 273 389 1282 1851">
    <p class='ocr_par' dir='ltr' id='par_1_2' title="bbox 280 389 1279 712">
     <span class='ocr_line' id='line_1_2' title="bbox 281 389 1279 492; baseline -0.002 -20"><span class='ocrx_word' id='word_1_2' title='bbox 281 409 426 486; x_wconf 84' lang='lat' dir='ltr'>niamus,</span> <span class='ocrx_word' id='word_1_3' title='bbox 451 408 501 470; x_wconf 84' lang='lat' dir='ltr'>sin</span> <span class='ocrx_word' id='word_1_4' title='bbox 522 417 637 470; x_wconf 81' lang='lat' dir='ltr'><strong>cortex</strong></span> <span class='ocrx_word' id='word_1_5' title='bbox 660 416 694 468; x_wconf 84' lang='lat' dir='ltr'>et</span> <span class='ocrx_word' id='word_1_6' title='bbox 715 415 802 469; x_wconf 86' lang='lat' dir='ltr'>testa</span> <span class='ocrx_word' id='word_1_7' title='bbox 822 403 941 470; x_wconf 81' lang='lat' dir='ltr'>literas</span> <span class='ocrx_word' id='word_1_8' title='bbox 963 389 1146 492; x_wconf 78' lang='lat' dir='ltr'>frangenda</span> <span class='ocrx_word' id='word_1_9' title='bbox 1162 417 1226 484; x_wconf 80' lang='lat' dir='ltr'>est,</span> <span class='ocrx_word' id='word_1_10' title='bbox 1247 405 1279 482; x_wconf 70' lang='lat' dir='ltr'>id,</span> 
     </span>
     <span class='ocr_line' id='line_1_3' title="bbox 280 516 1278 600; baseline -0.006 -14"><span class='ocrx_word' id='word_1_11' title='bbox 280 533 350 598; x_wconf 90' lang='lat' dir='ltr'>est,</span> <span class='ocrx_word' id='word_1_12' title='bbox 372 521 478 583; x_wconf 85' lang='lat' dir='ltr'>series</span> <span class='ocrx_word' id='word_1_13' title='bbox 501 517 619 582; x_wconf 86' lang='lat' dir='ltr'>literae</span> <span class='ocrx_word' id='word_1_14' title='bbox 642 517 853 600; x_wconf 83' lang='lat' dir='ltr'>exponenda,</span> <span class='ocrx_word' id='word_1_15' title='bbox 887 531 924 582; x_wconf 92' lang='lat' dir='ltr'>nt</span> <span class='ocrx_word' id='word_1_16' title='bbox 950 518 991 580; x_wconf 86' lang='lat' dir='ltr'>ad</span> <span class='ocrx_word' id='word_1_17' title='bbox 1018 516 1216 596; x_wconf 81' lang='lat' dir='ltr'>medullam,</span> <span class='ocrx_word' id='word_1_18' title='bbox 1245 519 1278 582; x_wconf 92' lang='lat' dir='ltr'>id</span> 
     </span>
     <span class='ocr_line' id='line_1_4' title="bbox 280 630 1128 712; baseline 0 -16"><span class='ocrx_word' id='word_1_19' title='bbox 280 648 348 712; x_wconf 90' lang='lat' dir='ltr'>est,</span> <span class='ocrx_word' id='word_1_20' title='bbox 376 633 417 696; x_wconf 91' lang='lat' dir='ltr'>ad</span> <span class='ocrx_word' id='word_1_21' title='bbox 440 633 631 696; x_wconf 86' lang='lat' dir='ltr'>interiorem</span> <span class='ocrx_word' id='word_1_22' title='bbox 653 653 786 696; x_wconf 89' lang='lat' dir='ltr'>sensum</span> <span class='ocrx_word' id='word_1_23' title='bbox 809 633 921 696; x_wconf 85' lang='lat' dir='ltr'>venire</span> <span class='ocrx_word' id='word_1_24' title='bbox 944 630 1128 706; x_wconf 67' lang='lat' dir='ltr'>valeamus,</span> 
     </span>
    </p>

    <p class='ocr_par' dir='ltr' id='par_1_3' title="bbox 273 731 1282 1851">
     <span class='ocr_line' id='line_1_5' title="bbox 365 731 1280 829; baseline 0 -21"><span class='ocrx_word' id='word_1_25' title='bbox 365 745 458 809; x_wconf 87' lang='lat' dir='ltr'>Solet</span> <span class='ocrx_word' id='word_1_26' title='bbox 476 765 604 829; x_wconf 89' lang='lat' dir='ltr'>quoque</span> <span class='ocrx_word' id='word_1_27' title='bbox 627 747 757 828; x_wconf 87' lang='lat' dir='ltr'>quaeri,</span> <span class='ocrx_word' id='word_1_28' title='bbox 781 745 878 828; x_wconf 87' lang='lat' dir='ltr'>quale</span> <span class='ocrx_word' id='word_1_29' title='bbox 899 745 1068 827; x_wconf 77' lang='lat' dir='ltr'>discipulis</span> <span class='ocrx_word' id='word_1_30' title='bbox 1089 731 1194 827; x_wconf 83' lang='lat' dir='ltr'>ipsdm</span> <span class='ocrx_word' id='word_1_31' title='bbox 1215 758 1280 810; x_wconf 83' lang='lat' dir='ltr'>tra·</span> 
     </span>
     <span class='ocr_line' id='line_1_6' title="bbox 278 857 1279 944; baseline -0.002 -20"><span class='ocrx_word' id='word_1_32' title='bbox 278 860 378 938; x_wconf 86' lang='lat' dir='ltr'>didit,</span> <span class='ocrx_word' id='word_1_33' title='bbox 408 858 569 944; x_wconf 85' lang='lat' dir='ltr'>passibile</span> <span class='ocrx_word' id='word_1_34' title='bbox 598 858 755 922; x_wconf 87' lang='lat' dir='ltr'>videlicet</span> <span class='ocrx_word' id='word_1_35' title='bbox 785 881 827 922; x_wconf 88' lang='lat' dir='ltr'>an</span> <span class='ocrx_word' id='word_1_36' title='bbox 856 857 1073 940; x_wconf 83' lang='lat' dir='ltr'>impassibile.</span> <span class='ocrx_word' id='word_1_37' title='bbox 1116 857 1170 922; x_wconf 87' lang='lat' dir='ltr'>Ad</span> <span class='ocrx_word' id='word_1_38' title='bbox 1191 857 1279 941; x_wconf 89' lang='lat' dir='ltr'>quod</span> 
     </span>
     <span class='ocr_line' id='line_1_7' title="bbox 277 969 1279 1055; baseline -0.002 -20"><span class='ocrx_word' id='word_1_39' title='bbox 277 974 435 1051; x_wconf 90' lang='lat' dir='ltr'>dicimus,</span> <span class='ocrx_word' id='word_1_40' title='bbox 459 973 544 1055; x_wconf 88' lang='lat' dir='ltr'>quod</span> <span class='ocrx_word' id='word_1_41' title='bbox 568 973 608 1035; x_wconf 88' lang='lat' dir='ltr'>de</span> <span class='ocrx_word' id='word_1_42' title='bbox 632 974 828 1036; x_wconf 85' lang='lat' dir='ltr'>auctoritate</span> <span class='ocrx_word' id='word_1_43' title='bbox 849 971 911 1035; x_wconf 82' lang='lat' dir='ltr'>hnc</span> <span class='ocrx_word' id='word_1_44' title='bbox 934 973 1196 1036; x_wconf 85' lang='lat' dir='ltr'>diffinitum-non</span> <span class='ocrx_word' id='word_1_45' title='bbox 1220 969 1279 1034; x_wconf 91' lang='lat' dir='ltr'>ha·</span> 
     </span>
     <span class='ocr_line' id='line_1_8' title="bbox 276 1057 1282 1167; baseline -0.004 -17"><span class='ocrx_word' id='word_1_46' title='bbox 276 1086 404 1151; x_wconf 86' lang='lat' dir='ltr'>beums.</span> <span class='ocrx_word' id='word_1_47' title='bbox 447 1086 626 1150; x_wconf 85' lang='lat' dir='ltr'><strong>Possumus</strong></span> <span class='ocrx_word' id='word_1_48' title='bbox 651 1098 759 1148; x_wconf 86' lang='lat' dir='ltr'>tamen</span> <span class='ocrx_word' id='word_1_49' title='bbox 782 1085 824 1148; x_wconf 88' lang='lat' dir='ltr'>de</span> <span class='ocrx_word' id='word_1_50' title='bbox 848 1057 1047 1150; x_wconf 62' lang='lat' dir='ltr'>hocsecure</span> <span class='ocrx_word' id='word_1_51' title='bbox 1066 1084 1282 1167; x_wconf 81' lang='lat' dir='ltr'>respondere,</span> 
     </span>
     <span class='ocr_line' id='line_1_9' title="bbox 278 1196 1280 1285; baseline -0.002 -21"><span class='ocrx_word' id='word_1_52' title='bbox 278 1201 364 1285; x_wconf 88' lang='lat' dir='ltr'>quod</span> <span class='ocrx_word' id='word_1_53' title='bbox 392 1200 482 1263; x_wconf 80' lang='lat' dir='ltr'>dedit</span> <span class='ocrx_word' id='word_1_54' title='bbox 514 1198 582 1263; x_wconf 85' lang='lat' dir='ltr'>tale</span> <span class='ocrx_word' id='word_1_55' title='bbox 617 1197 713 1281; x_wconf 83' lang='lat' dir='ltr'>quale</span> <span class='ocrx_word' id='word_1_56' title='bbox 745 1198 860 1263; x_wconf 85' lang='lat' dir='ltr'>voluit.</span> <span class='ocrx_word' id='word_1_57' title='bbox 913 1197 951 1261; x_wconf 84' lang='lat' dir='ltr'>Si</span> <span class='ocrx_word' id='word_1_58' title='bbox 981 1200 1067 1261; x_wconf 91' lang='lat' dir='ltr'>enim</span> <span class='ocrx_word' id='word_1_59' title='bbox 1097 1196 1202 1262; x_wconf 90' lang='lat' dir='ltr'>voluit</span> <span class='ocrx_word' id='word_1_60' title='bbox 1230 1200 1280 1262; x_wconf 86' lang='lat' dir='ltr'>eis</span> 
     </span>
     <span class='ocr_line' id='line_1_10' title="bbox 277 1310 1280 1396; baseline -0.006 -18"><span class='ocrx_word' id='word_1_61' title='bbox 277 1315 407 1378; x_wconf 79' lang='lat' dir='ltr'>tradere</span> <span class='ocrx_word' id='word_1_62' title='bbox 429 1312 636 1392; x_wconf 77' lang='lat' dir='ltr'>immortale,</span> <span class='ocrx_word' id='word_1_63' title='bbox 659 1313 742 1378; x_wconf 81' lang='lat' dir='ltr'>bane</span> <span class='ocrx_word' id='word_1_64' title='bbox 765 1313 893 1396; x_wconf 90' lang='lat' dir='ltr'>quidem</span> <span class='ocrx_word' id='word_1_65' title='bbox 915 1314 950 1376; x_wconf 92' lang='lat' dir='ltr'>in</span> <span class='ocrx_word' id='word_1_66' title='bbox 973 1310 1034 1374; x_wconf 90' lang='lat' dir='ltr'>illo</span> <span class='ocrx_word' id='word_1_67' title='bbox 1059 1325 1204 1392; x_wconf 84' lang='lat' dir='ltr'>tempore</span> <span class='ocrx_word' id='word_1_68' title='bbox 1219 1311 1280 1382; x_wconf 56' lang='lat' dir='ltr'>im,-</span> 
     </span>
     <span class='ocr_line' id='line_1_11' title="bbox 275 1425 1280 1511; baseline -0.006 -19"><span class='ocrx_word' id='word_1_69' title='bbox 275 1426 530 1511; x_wconf 83' lang='lat' dir='ltr'>passibilita&#39;tem</span> <span class='ocrx_word' id='word_1_70' title='bbox 553 1427 605 1488; x_wconf 89' lang='lat' dir='ltr'>sni</span> <span class='ocrx_word' id='word_1_71' title='bbox 627 1426 732 1507; x_wconf 88' lang='lat' dir='ltr'>potuit</span> <span class='ocrx_word' id='word_1_72' title='bbox 756 1427 940 1503; x_wconf 77' lang='lat' dir='ltr'>assumere,</span> <span class='ocrx_word' id='word_1_73' title='bbox 964 1425 1048 1488; x_wconf 90' lang='lat' dir='ltr'>sicut</span> <span class='ocrx_word' id='word_1_74' title='bbox 1070 1437 1103 1488; x_wconf 87' lang='lat' dir='ltr'>et</span> <span class='ocrx_word' id='word_1_75' title='bbox 1119 1426 1154 1486; x_wconf 92' lang='lat' dir='ltr'>in</span> <span class='ocrx_word' id='word_1_76' title='bbox 1172 1435 1280 1486; x_wconf 84' lang='lat' dir='ltr'>trrnrte</span> 
     </span>
     <span class='ocr_line' id='line_1_12' title="bbox 275 1537 1279 1606; baseline -0.006 0"><span class='ocrx_word' id='word_1_77' title='bbox 275 1543 428 1606; x_wconf 80' lang='lat' dir='ltr'>claritate</span> <span class='ocrx_word' id='word_1_78' title='bbox 452 1561 488 1603; x_wconf 87' lang='lat' dir='ltr'>se</span> <span class='ocrx_word' id='word_1_79' title='bbox 511 1541 599 1602; x_wconf 86' lang='lat' dir='ltr'>vitae</span> <span class='ocrx_word' id='word_1_80' title='bbox 625 1537 818 1602; x_wconf 88' lang='lat' dir='ltr'>immortalis</span> <span class='ocrx_word' id='word_1_81' title='bbox 847 1539 1048 1604; x_wconf 82' lang='lat' dir='ltr'>venustavit.</span> <span class='ocrx_word' id='word_1_82' title='bbox 1099 1537 1137 1600; x_wconf 80' lang='lat' dir='ltr'>si</span> <span class='ocrx_word' id='word_1_83' title='bbox 1167 1548 1279 1600; x_wconf 89' lang='lat' dir='ltr'>autem</span> 
     </span>
     <span class='ocr_line' id='line_1_13' title="bbox 275 1651 1279 1734; baseline -0.004 -16"><span class='ocrx_word' id='word_1_84' title='bbox 275 1653 420 1718; x_wconf 87' lang='lat' dir='ltr'>voluerit</span> <span class='ocrx_word' id='word_1_85' title='bbox 449 1653 527 1716; x_wconf 86' lang='lat' dir='ltr'>dare</span> <span class='ocrx_word' id='word_1_86' title='bbox 555 1651 714 1734; x_wconf 82' lang='lat' dir='ltr'>passibile</span> <span class='ocrx_word' id='word_1_87' title='bbox 744 1665 778 1716; x_wconf 86' lang='lat' dir='ltr'>et</span> <span class='ocrx_word' id='word_1_88' title='bbox 801 1651 863 1716; x_wconf 86' lang='lat' dir='ltr'>hnc</span> <span class='ocrx_word' id='word_1_89' title='bbox 885 1653 996 1734; x_wconf 89' lang='lat' dir='ltr'>utique</span> <span class='ocrx_word' id='word_1_90' title='bbox 1018 1654 1140 1733; x_wconf 88' lang='lat' dir='ltr'>potuit,</span> <span class='ocrx_word' id='word_1_91' title='bbox 1162 1653 1211 1714; x_wconf 91' lang='lat' dir='ltr'>ita</span> <span class='ocrx_word' id='word_1_92' title='bbox 1228 1665 1279 1714; x_wconf 90' lang='lat' dir='ltr'>ta·</span> 
     </span>
     <span class='ocr_line' id='line_1_14' title="bbox 273 1763 1280 1851; baseline -0.003 -18"><span class='ocrx_word' id='word_1_93' title='bbox 273 1789 367 1844; x_wconf 88' lang='lat' dir='ltr'>men,</span> <span class='ocrx_word' id='word_1_94' title='bbox 399 1767 486 1851; x_wconf 88' lang='lat' dir='ltr'>quod</span> <span class='ocrx_word' id='word_1_95' title='bbox 516 1789 587 1840; x_wconf 83' lang='lat' dir='ltr'>cum</span> <span class='ocrx_word' id='word_1_96' title='bbox 617 1787 728 1829; x_wconf 89' lang='lat' dir='ltr'>eorum</span> <span class='ocrx_word' id='word_1_97' title='bbox 759 1763 912 1828; x_wconf 88' lang='lat' dir='ltr'>dentibus</span> <span class='ocrx_word' id='word_1_98' title='bbox 942 1776 1159 1843; x_wconf 81' lang='lat' dir='ltr'>attereretur,</span> <span class='ocrx_word' id='word_1_99' title='bbox 1193 1764 1280 1830; x_wconf 91' lang='lat' dir='ltr'>nihil</span> 
     </span>
    </p>
   </div>
   <div class='ocr_carea' id='block_1_3' title="bbox 155 1861 1349 1974">
    <p class='ocr_par' dir='ltr' id='par_1_4' title="bbox 155 1861 1349 1974">
     <span class='ocr_line' id='line_1_15' title="bbox 155 1861 1349 1974; baseline -0.002 -29"><span class='ocrx_word' id='word_1_100' title='bbox 155 1868 156 1876; x_wconf 8' lang='grc' dir='ltr'>ἵ</span> <span class='ocrx_word' id='word_1_101' title='bbox 254 1865 352 1944; x_wconf 79' lang='lat' dir='ltr'>&#39;inde</span> <span class='ocrx_word' id='word_1_102' title='bbox 383 1883 521 1944; x_wconf 79' lang='lat' dir='ltr'>sentiret</span> <span class='ocrx_word' id='word_1_103' title='bbox 545 1861 696 1974; x_wconf 61' lang='lat' dir='ltr'>nihilque</span> <span class='ocrx_word' id='word_1_104' title='bbox 726 1879 920 1942; x_wconf 87' lang='lat' dir='ltr'>defectionis</span> <span class='ocrx_word' id='word_1_105' title='bbox 942 1880 977 1941; x_wconf 90' lang='lat' dir='ltr'>in</span> <span class='ocrx_word' id='word_1_106' title='bbox 1007 1901 1044 1942; x_wconf 88' lang='lat' dir='ltr'>se</span> <span class='ocrx_word' id='word_1_107' title='bbox 1074 1892 1278 1944; x_wconf 85' lang='lat' dir='ltr'>assumeret:</span> <span class='ocrx_word' id='word_1_108' title='bbox 1348 1887 1349 1934; x_wconf 79' lang='lat' dir='ltr'>l</span> 
     </span>
    </p>
   </div>
   <div class='ocr_carea' id='block_1_4' title="bbox 267 1990 1282 2865">
    <p class='ocr_par' dir='ltr' id='par_1_5' title="bbox 267 1990 1282 2865">
     <span class='ocr_line' id='line_1_16' title="bbox 272 1990 1279 2074; baseline -0.004 -14"><span class='ocrx_word' id='word_1_109' title='bbox 272 1995 358 2060; x_wconf 87' lang='lat' dir='ltr'>sicut</span> <span class='ocrx_word' id='word_1_110' title='bbox 381 1997 480 2058; x_wconf 87' lang='lat' dir='ltr'>etiam</span> <span class='ocrx_word' id='word_1_111' title='bbox 503 1993 601 2057; x_wconf 82' lang='lat' dir='ltr'>bento</span> <span class='ocrx_word' id='word_1_112' title='bbox 625 1991 800 2058; x_wconf 75' lang='lat' dir='ltr'>‚Vincentio</span> <span class='ocrx_word' id='word_1_113' title='bbox 825 1990 927 2056; x_wconf 83' lang='lat' dir='ltr'>talem</span> <span class='ocrx_word' id='word_1_114' title='bbox 949 1994 1095 2074; x_wconf 87' lang='lat' dir='ltr'>corporis</span> <span class='ocrx_word' id='word_1_115' title='bbox 1124 1991 1279 2056; x_wconf 90' lang='lat' dir='ltr'>solidita·</span> 
     </span>
     <span class='ocr_line' id='line_1_17' title="bbox 273 2105 1282 2191; baseline 0 -21"><span class='ocrx_word' id='word_1_116' title='bbox 273 2121 338 2172; x_wconf 88' lang='lat' dir='ltr'>tem</span> <span class='ocrx_word' id='word_1_117' title='bbox 360 2109 467 2187; x_wconf 91' lang='lat' dir='ltr'>dedit,</span> <span class='ocrx_word' id='word_1_118' title='bbox 499 2107 585 2191; x_wconf 85' lang='lat' dir='ltr'>quud</span> <span class='ocrx_word' id='word_1_119' title='bbox 607 2129 720 2190; x_wconf 91' lang='lat' dir='ltr'>parum</span> <span class='ocrx_word' id='word_1_120' title='bbox 742 2106 783 2170; x_wconf 86' lang='lat' dir='ltr'>de</span> <span class='ocrx_word' id='word_1_121' title='bbox 812 2105 882 2170; x_wconf 89' lang='lat' dir='ltr'>illis</span> <span class='ocrx_word' id='word_1_122' title='bbox 915 2109 1104 2186; x_wconf 88' lang='lat' dir='ltr'>tormentis,</span> <span class='ocrx_word' id='word_1_123' title='bbox 1138 2130 1221 2190; x_wconf 83' lang='lat' dir='ltr'>quae</span> <span class='ocrx_word' id='word_1_124' title='bbox 1248 2109 1282 2171; x_wconf 91' lang='lat' dir='ltr'>ei</span> 
     </span>
     <span class='ocr_line' id='line_1_18' title="bbox 269 2217 1280 2303; baseline 0 -19"><span class='ocrx_word' id='word_1_125' title='bbox 269 2221 517 2300; x_wconf 74' lang='lat' dir='ltr'>inserebantur,</span> <span class='ocrx_word' id='word_1_126' title='bbox 540 2223 657 2284; x_wconf 73' lang='lat' dir='ltr'>sensit·</span> <span class='ocrx_word' id='word_1_127' title='bbox 702 2222 738 2284; x_wconf 86' lang='lat' dir='ltr'>Si</span> <span class='ocrx_word' id='word_1_128' title='bbox 761 2222 848 2283; x_wconf 91' lang='lat' dir='ltr'>enim</span> <span class='ocrx_word' id='word_1_129' title='bbox 871 2220 1013 2303; x_wconf 89' lang='lat' dir='ltr'>aliquis,</span> <span class='ocrx_word' id='word_1_130' title='bbox 1043 2222 1097 2303; x_wconf 88' lang='lat' dir='ltr'>qui</span> <span class='ocrx_word' id='word_1_131' title='bbox 1127 2241 1192 2284; x_wconf 90' lang='lat' dir='ltr'>non</span> <span class='ocrx_word' id='word_1_132' title='bbox 1215 2217 1280 2284; x_wconf 88' lang='lat' dir='ltr'>ha·</span> 
     </span>
     <span class='ocr_line' id='line_1_19' title="bbox 270 2331 1280 2414; baseline 0.002 -18"><span class='ocrx_word' id='word_1_133' title='bbox 270 2331 364 2396; x_wconf 88' lang='lat' dir='ltr'>beret</span> <span class='ocrx_word' id='word_1_134' title='bbox 388 2335 535 2397; x_wconf 87' lang='lat' dir='ltr'>eamdem</span> <span class='ocrx_word' id='word_1_135' title='bbox 558 2335 624 2396; x_wconf 91' lang='lat' dir='ltr'>vim</span> <span class='ocrx_word' id='word_1_136' title='bbox 645 2334 681 2395; x_wconf 87' lang='lat' dir='ltr'>iu</span> <span class='ocrx_word' id='word_1_137' title='bbox 704 2353 839 2414; x_wconf 86' lang='lat' dir='ltr'>corpore</span> <span class='ocrx_word' id='word_1_138' title='bbox 862 2355 942 2410; x_wconf 90' lang='lat' dir='ltr'>suo,</span> <span class='ocrx_word' id='word_1_139' title='bbox 968 2345 1092 2397; x_wconf 89' lang='lat' dir='ltr'>tantum</span> <span class='ocrx_word' id='word_1_140' title='bbox 1114 2333 1280 2398; x_wconf 85' lang='lat' dir='ltr'>decimam</span> 
     </span>
     <span class='ocr_line' id='line_1_20' title="bbox 268 2439 1280 2528; baseline 0.002 -20"><span class='ocrx_word' id='word_1_141' title='bbox 268 2439 394 2528; x_wconf 83' lang='lat' dir='ltr'>partem</span> <span class='ocrx_word' id='word_1_142' title='bbox 418 2445 551 2510; x_wconf 88' lang='lat' dir='ltr'>illarum</span> <span class='ocrx_word' id='word_1_143' title='bbox 574 2467 752 2526; x_wconf 88' lang='lat' dir='ltr'>poenarum</span> <span class='ocrx_word' id='word_1_144' title='bbox 775 2446 1006 2526; x_wconf 87' lang='lat' dir='ltr'>suscepisset,</span> <span class='ocrx_word' id='word_1_145' title='bbox 1021 2468 1183 2528; x_wconf 87' lang='lat' dir='ltr'>nunquam</span> <span class='ocrx_word' id='word_1_146' title='bbox 1205 2467 1280 2510; x_wconf 87' lang='lat' dir='ltr'>am·</span> 
     </span>
     <span class='ocr_line' id='line_1_21' title="bbox 268 2557 1280 2642; baseline 0.004 -22"><span class='ocrx_word' id='word_1_147' title='bbox 268 2557 355 2639; x_wconf 88' lang='lat' dir='ltr'>plius</span> <span class='ocrx_word' id='word_1_148' title='bbox 377 2561 492 2622; x_wconf 85' lang='lat' dir='ltr'>vivere</span> <span class='ocrx_word' id='word_1_149' title='bbox 522 2571 649 2640; x_wconf 88' lang='lat' dir='ltr'>posset.</span> <span class='ocrx_word' id='word_1_150' title='bbox 700 2557 877 2637; x_wconf 79' lang='lat' dir='ltr'>Sirriiliter,</span> <span class='ocrx_word' id='word_1_151' title='bbox 910 2561 940 2622; x_wconf 93' lang='lat' dir='ltr'>si</span> <span class='ocrx_word' id='word_1_152' title='bbox 973 2559 1122 2626; x_wconf 85' lang='lat' dir='ltr'>Christus</span> <span class='ocrx_word' id='word_1_153' title='bbox 1155 2561 1280 2642; x_wconf 88' lang='lat' dir='ltr'>vellet,</span> 
     </span>
     <span class='ocr_line' id='line_1_22' title="bbox 269 2657 1281 2758; baseline 0.008 -26"><span class='ocrx_word' id='word_1_154' title='bbox 269 2691 383 2733; x_wconf 88' lang='lat' dir='ltr'>omnes</span> <span class='ocrx_word' id='word_1_155' title='bbox 407 2670 514 2749; x_wconf 84' lang='lat' dir='ltr'>alies,</span> <span class='ocrx_word' id='word_1_156' title='bbox 538 2683 604 2734; x_wconf 93' lang='lat' dir='ltr'>tam</span> <span class='ocrx_word' id='word_1_157' title='bbox 626 2669 833 2736; x_wconf 85' lang='lat' dir='ltr'>infirmitates</span> <span class='ocrx_word' id='word_1_158' title='bbox 856 2675 1023 2756; x_wconf 82' lang='lat' dir='ltr'>eorporis,</span> <span class='ocrx_word' id='word_1_159' title='bbox 1051 2657 1147 2758; x_wconf 83' lang='lat' dir='ltr'>quum</span> <span class='ocrx_word' id='word_1_160' title='bbox 1170 2676 1281 2740; x_wconf 83' lang='lat' dir='ltr'>affec·</span> 
     </span>
     <span class='ocr_line' id='line_1_23' title="bbox 267 2783 741 2865; baseline 0.002 -19"><span class='ocrx_word' id='word_1_161' title='bbox 267 2783 376 2846; x_wconf 84' lang='lat' dir='ltr'>tiones</span> <span class='ocrx_word' id='word_1_162' title='bbox 401 2783 501 2846; x_wconf 89' lang='lat' dir='ltr'>animi</span> <span class='ocrx_word' id='word_1_163' title='bbox 524 2784 741 2865; x_wconf 77' lang='lat' dir='ltr'>deposuisset,</span> 
     </span>
    </p>
   </div>
   <div class='ocr_carea' id='block_1_5' title="bbox 353 2895 1281 3002">
    <p class='ocr_par' dir='ltr' id='par_1_6' title="bbox 353 2895 1281 3002">
     <span class='ocr_line' id='line_1_24' title="bbox 353 2895 1281 3002; baseline 0.005 -43"><span class='ocrx_word' id='word_1_164' title='bbox 353 2895 405 2959; x_wconf 87' lang='lat' dir='ltr'>De</span> <span class='ocrx_word' id='word_1_165' title='bbox 426 2899 536 3002; x_wconf 60' lang='lat' dir='ltr'>speeie</span> <span class='ocrx_word' id='word_1_166' title='bbox 562 2919 690 2980; x_wconf 90' lang='lat' dir='ltr'>quoque</span> <span class='ocrx_word' id='word_1_167' title='bbox 720 2895 780 2962; x_wconf 88' lang='lat' dir='ltr'>illa</span> <span class='ocrx_word' id='word_1_168' title='bbox 808 2899 902 2980; x_wconf 89' lang='lat' dir='ltr'>panis</span> <span class='ocrx_word' id='word_1_169' title='bbox 933 2911 966 2962; x_wconf 90' lang='lat' dir='ltr'>et</span> <span class='ocrx_word' id='word_1_170' title='bbox 996 2899 1064 2962; x_wconf 89' lang='lat' dir='ltr'>vini</span> <span class='ocrx_word' id='word_1_171' title='bbox 1092 2897 1281 2980; x_wconf 83' lang='lat' dir='ltr'>dubitatur,</span> 
     </span>
    </p>
   </div>
   <div class='ocr_carea' id='block_1_6' title="bbox 191 3009 1326 4005">
    <p class='ocr_par' dir='ltr' id='par_1_7' title="bbox 191 3009 1326 4005">
     <span class='ocr_line' id='line_1_25' title="bbox 267 3009 1282 3098; baseline 0.003 -25"><span class='ocrx_word' id='word_1_172' title='bbox 267 3010 363 3093; x_wconf 79' lang='lat' dir='ltr'>cujus</span> <span class='ocrx_word' id='word_1_173' title='bbox 385 3009 454 3074; x_wconf 81' lang='lat' dir='ltr'>sitt</span> <span class='ocrx_word' id='word_1_174' title='bbox 498 3009 552 3074; x_wconf 83' lang='lat' dir='ltr'>Ad</span> <span class='ocrx_word' id='word_1_175' title='bbox 575 3010 661 3094; x_wconf 90' lang='lat' dir='ltr'>quod</span> <span class='ocrx_word' id='word_1_176' title='bbox 690 3033 771 3075; x_wconf 89' lang='lat' dir='ltr'>saue</span> <span class='ocrx_word' id='word_1_177' title='bbox 800 3011 1082 3095; x_wconf 87' lang='lat' dir='ltr'>respondendum,</span> <span class='ocrx_word' id='word_1_178' title='bbox 1112 3013 1198 3096; x_wconf 88' lang='lat' dir='ltr'>quod</span> <span class='ocrx_word' id='word_1_179' title='bbox 1221 3015 1282 3098; x_wconf 90' lang='lat' dir='ltr'>ip·</span> 
     </span>
     <span class='ocr_line' id='line_1_26' title="bbox 191 3123 1282 3214; baseline 0.005 -27"><span class='ocrx_word' id='word_1_180' title='bbox 191 3209 193 3214; x_wconf 69' lang='lat'>‚</span> <span class='ocrx_word' id='word_1_181' title='bbox 242 3135 337 3187; x_wconf 88' lang='lat' dir='ltr'>&#39;sum</span> <span class='ocrx_word' id='word_1_182' title='bbox 359 3145 474 3206; x_wconf 82' lang='lat' dir='ltr'>corpus</span> <span class='ocrx_word' id='word_1_183' title='bbox 496 3138 628 3208; x_wconf 86' lang='lat' dir='ltr'>propter</span> <span class='ocrx_word' id='word_1_184' title='bbox 658 3123 826 3190; x_wconf 81' lang='lat' dir='ltr'>horrorem</span> <span class='ocrx_word' id='word_1_185' title='bbox 857 3126 1064 3204; x_wconf 87' lang='lat' dir='ltr'>assumendi,</span> <span class='ocrx_word' id='word_1_186' title='bbox 1094 3148 1152 3189; x_wconf 82' lang='lat' dir='ltr'>eas</span> <span class='ocrx_word' id='word_1_187' title='bbox 1174 3128 1210 3190; x_wconf 90' lang='lat' dir='ltr'>in</span> <span class='ocrx_word' id='word_1_188' title='bbox 1235 3151 1282 3192; x_wconf 83' lang='lat' dir='ltr'>se</span> 
     </span>
     <span class='ocr_line' id='line_1_27' title="bbox 265 3235 1280 3322; baseline 0.005 -22"><span class='ocrx_word' id='word_1_189' title='bbox 265 3238 389 3300; x_wconf 80' lang='lat' dir='ltr'>forinas</span> <span class='ocrx_word' id='word_1_190' title='bbox 411 3241 561 3320; x_wconf 73' lang='lat' dir='ltr'>recipiat·</span> <span class='ocrx_word' id='word_1_191' title='bbox 606 3235 692 3302; x_wconf 88' lang='lat' dir='ltr'>Nam</span> <span class='ocrx_word' id='word_1_192' title='bbox 712 3241 742 3302; x_wconf 90' lang='lat' dir='ltr'>si</span> <span class='ocrx_word' id='word_1_193' title='bbox 778 3252 975 3320; x_wconf 86' lang='lat' dir='ltr'>opponatur,</span> <span class='ocrx_word' id='word_1_194' title='bbox 1011 3238 1115 3320; x_wconf 88' lang='lat' dir='ltr'>quud,</span> <span class='ocrx_word' id='word_1_195' title='bbox 1137 3261 1180 3305; x_wconf 84' lang='lat' dir='ltr'>ex</span> <span class='ocrx_word' id='word_1_196' title='bbox 1203 3262 1280 3322; x_wconf 86' lang='lat' dir='ltr'>quo</span> 
     </span>
     <span class='ocr_line' id='line_1_28' title="bbox 264 3349 1326 3435; baseline 0.005 -22"><span class='ocrx_word' id='word_1_197' title='bbox 264 3349 347 3414; x_wconf 90' lang='lat' dir='ltr'>illud</span> <span class='ocrx_word' id='word_1_198' title='bbox 378 3372 493 3433; x_wconf 86' lang='lat' dir='ltr'>corpus</span> <span class='ocrx_word' id='word_1_199' title='bbox 523 3354 697 3430; x_wconf 87' lang='lat' dir='ltr'>assumsit,</span> <span class='ocrx_word' id='word_1_200' title='bbox 731 3374 895 3435; x_wconf 86' lang='lat' dir='ltr'>nunquam</span> <span class='ocrx_word' id='word_1_201' title='bbox 925 3352 1064 3416; x_wconf 83' lang='lat' dir='ltr'>formam</span> <span class='ocrx_word' id='word_1_202' title='bbox 1094 3351 1186 3416; x_wconf 89' lang='lat' dir='ltr'>illius</span> <span class='ocrx_word' id='word_1_203' title='bbox 1210 3355 1282 3418; x_wconf 86' lang='lat' dir='ltr'>de·</span> <span class='ocrx_word' id='word_1_204' title='bbox 1321 3425 1326 3432; x_wconf 78' lang='lat'><em>.</em></span> 
     </span>
     <span class='ocr_line' id='line_1_29' title="bbox 264 3463 1281 3547; baseline 0.005 -22"><span class='ocrx_word' id='word_1_205' title='bbox 264 3465 374 3544; x_wconf 84' lang='lat' dir='ltr'>posuit</span> <span class='ocrx_word' id='word_1_206' title='bbox 407 3475 440 3527; x_wconf 88' lang='lat' dir='ltr'>et</span> <span class='ocrx_word' id='word_1_207' title='bbox 474 3463 550 3527; x_wconf 89' lang='lat' dir='ltr'>ideo</span> <span class='ocrx_word' id='word_1_208' title='bbox 582 3463 682 3526; x_wconf 90' lang='lat' dir='ltr'>aliam</span> <span class='ocrx_word' id='word_1_209' title='bbox 713 3463 872 3542; x_wconf 83' lang='lat' dir='ltr'>formam,</span> <span class='ocrx_word' id='word_1_210' title='bbox 911 3463 971 3527; x_wconf 90' lang='lat' dir='ltr'>illa</span> <span class='ocrx_word' id='word_1_211' title='bbox 1002 3487 1067 3528; x_wconf 89' lang='grc' dir='ltr'><strong>ιιοιι</strong></span> <span class='ocrx_word' id='word_1_212' title='bbox 1102 3464 1281 3547; x_wconf 86' lang='lat' dir='ltr'>deposita,</span> 
     </span>
     <span class='ocr_line' id='line_1_30' title="bbox 265 3571 1280 3660; baseline 0.006 -24"><span class='ocrx_word' id='word_1_213' title='bbox 265 3571 388 3638; x_wconf 88' lang='lat' dir='ltr'>habere</span> <span class='ocrx_word' id='word_1_214' title='bbox 421 3596 487 3638; x_wconf 88' lang='lat' dir='ltr'>non</span> <span class='ocrx_word' id='word_1_215' title='bbox 510 3588 647 3658; x_wconf 85' lang='lat' dir='ltr'>potest,</span> <span class='ocrx_word' id='word_1_216' title='bbox 684 3576 840 3654; x_wconf 82' lang='lat' dir='ltr'>dicimus,</span> <span class='ocrx_word' id='word_1_217' title='bbox 878 3578 953 3660; x_wconf 90' lang='lat' dir='ltr'>quia</span> <span class='ocrx_word' id='word_1_218' title='bbox 986 3579 1072 3640; x_wconf 79' lang='lat' dir='ltr'>sicut</span> <span class='ocrx_word' id='word_1_219' title='bbox 1102 3577 1190 3660; x_wconf 87' lang='lat' dir='ltr'>quud</span> <span class='ocrx_word' id='word_1_220' title='bbox 1228 3579 1280 3642; x_wconf 84' lang='lat' dir='ltr'>de</span> 
     </span>
     <span class='ocr_line' id='line_1_31' title="bbox 264 3683 1284 3772; baseline 0.003 -19"><span class='ocrx_word' id='word_1_221' title='bbox 264 3683 387 3768; x_wconf 83' lang='lat' dir='ltr'>Spiritu</span> <span class='ocrx_word' id='word_1_222' title='bbox 407 3701 522 3752; x_wconf 88' lang='lat' dir='ltr'>sancto</span> <span class='ocrx_word' id='word_1_223' title='bbox 544 3700 738 3770; x_wconf 78' lang='lat' dir='ltr'>conceptum</span> <span class='ocrx_word' id='word_1_224' title='bbox 762 3701 835 3767; x_wconf 89' lang='lat' dir='ltr'>est,</span> <span class='ocrx_word' id='word_1_225' title='bbox 857 3689 944 3772; x_wconf 90' lang='lat' dir='ltr'>quud</span> <span class='ocrx_word' id='word_1_226' title='bbox 966 3688 1079 3753; x_wconf 86' lang='lat' dir='ltr'>clauso</span> <span class='ocrx_word' id='word_1_227' title='bbox 1102 3702 1197 3754; x_wconf 86' lang='lat' dir='ltr'>uteru</span> <span class='ocrx_word' id='word_1_228' title='bbox 1218 3693 1284 3756; x_wconf 89' lang='lat' dir='ltr'>in·</span> 
     </span>
     <span class='ocr_line' id='line_1_32' title="bbox 264 3803 1286 3888; baseline 0.01 -24"><span class='ocrx_word' id='word_1_229' title='bbox 264 3805 362 3866; x_wconf 84' lang='lat' dir='ltr'>travit</span> <span class='ocrx_word' id='word_1_230' title='bbox 383 3815 416 3866; x_wconf 88' lang='lat' dir='ltr'>et</span> <span class='ocrx_word' id='word_1_231' title='bbox 438 3805 562 3882; x_wconf 86' lang='lat' dir='ltr'>exivit,</span> <span class='ocrx_word' id='word_1_232' title='bbox 590 3804 676 3888; x_wconf 88' lang='lat' dir='ltr'>quod</span> <span class='ocrx_word' id='word_1_233' title='bbox 699 3825 797 3888; x_wconf 86' lang='lat' dir='ltr'>snper</span> <span class='ocrx_word' id='word_1_234' title='bbox 819 3825 922 3888; x_wconf 84' lang='lat' dir='ltr'>aquas</span> <span class='ocrx_word' id='word_1_235' title='bbox 951 3803 1148 3883; x_wconf 84' lang='lat' dir='ltr'>ambulavit,</span> <span class='ocrx_word' id='word_1_236' title='bbox 1180 3808 1286 3888; x_wconf 85' lang='lat' dir='ltr'>quud</span> 
     </span>
     <span class='ocr_line' id='line_1_33' title="bbox 264 3912 1287 4005; baseline 0.009 -25"><span class='ocrx_word' id='word_1_237' title='bbox 264 3912 386 3984; x_wconf 84' lang='lat' dir='ltr'>eleusis</span> <span class='ocrx_word' id='word_1_238' title='bbox 404 3917 517 4002; x_wconf 83' lang='lat' dir='ltr'>jannis</span> <span class='ocrx_word' id='word_1_239' title='bbox 540 3917 583 3982; x_wconf 88' lang='lat' dir='ltr'>ad</span> <span class='ocrx_word' id='word_1_240' title='bbox 611 3916 790 4003; x_wconf 84' lang='lat' dir='ltr'>discipulos</span> <span class='ocrx_word' id='word_1_241' title='bbox 819 3920 973 4000; x_wconf 87' lang='lat' dir='ltr'>intravit,</span> <span class='ocrx_word' id='word_1_242' title='bbox 1005 3920 1091 4005; x_wconf 87' lang='lat' dir='ltr'>quod</span> <span class='ocrx_word' id='word_1_243' title='bbox 1112 3918 1216 3986; x_wconf 88' lang='lat' dir='ltr'>simul</span> <span class='ocrx_word' id='word_1_244' title='bbox 1245 3935 1287 3990; x_wconf 85' lang='lat' dir='ltr'>et</span> 
     </span>
    </p>
   </div>
   <div class='ocr_carea' id='block_1_7' title="bbox 0 0 1374 4486">
    <p class='ocr_par' dir='ltr' id='par_1_8' title="bbox 0 0 1374 4486">
     <span class='ocr_line' id='line_1_34' title="bbox 0 0 1374 4486; baseline 0 5"><span class='ocrx_word' id='word_1_245' title='bbox 0 0 1374 4486; x_wconf 95' lang='lat' dir='ltr'> </span> 
     </span>
    </p>
   </div>
  </div>
 </body>
</html>
