2774 4486
763 71 768 87 b
775 83 777 88 .

123 355 159 418 in
174 353 263 420 illius
277 351 578 438 narbasanesque
592 349 879 440 quaqueinraait,
895 348 1054 435 queniam
1071 349 1210 431 videreta

116 454 370 546 ,Aristoteliam
384 453 597 522 subtilitatem
619 456 659 520 ad
679 455 791 520 omnia
805 453 1017 538 intelligenda
1033 473 1099 521 non
1115 451 1210 522 sulii-s

123 578 209 633 cere,
223 557 310 635 rimo,
330 567 484 642 utsupra
504 567 798 622 commemoratum
816 567 875 636 est,
894 575 915 618 a
930 553 1209 642 philosophorum

122 679 236 724 rerum
251 657 403 722 omnium
419 669 550 724 naturas
564 658 598 728 in
615 659 727 722 decem
736 657 1000 746 praedicamenta
1009 657 1210 730 distribuen-

122 758 206 824 tium
221 768 359 827 tractatu
372 760 492 824 summi
507 749 873 826 numinis-maiestatem
888 759 1025 824 omniuo
1039 761 1207 848 exclusam

124 882 211 937 ease,
234 860 550 948 deumqueiusuper
565 862 673 948 ipsum
690 883 808 926 eorum
823 865 953 947 regulas
978 874 1033 928 aut
1044 861 1209 949 exempta

122 963 160 1026 in
179 985 214 1026 ae
234 963 306 1048 ipso
324 961 412 1026 haud
438 985 516 1026 raro
533 961 715 1048 infringere
734 964 836 1042 (1074
853 965 904 1028 att
916 965 1034 1031 Arist.
1050 965 1160 1048 Gateg.
1176 961 1209 1038 8,

124 1063 176 1128 1-7.
191 1062 290 1150 Rip).
333 1061 410 1146 Qua
431 1064 474 1128 de
494 1085 590 1129 causa
612 1087 719 1149 neque
739 1089 904 1132 summam
927 1064 1153 1152 philosophiae
1171 1063 1209 1130 iu

124 1165 311 1243 dialectica,
334 1165 439 1249 qualis
460 1189 499 1230 ao
519 1166 649 1234 saeculo
671 1166 748 1244 fuit,
779 1168 924 1255 posuisse
940 1189 1047 1252 neque
1062 1167 1209 1234 celeber-

124 1269 247 1334 rimam
262 1265 351 1331 illam
371 1269 412 1332 de
429 1281 546 1334 natura
560 1269 798 1339 universalium
816 1271 1043 1356 quaestionem
1065 1268 1122 1334 illa
1137 1269 1209 1358 ipsa

124 1382 231 1434 aetate
250 1368 626 1456 plurimorum-ingenia
649 1381 746 1458 atque
768 1371 873 1437 studia
893 1373 978 1439 mire
1000 1383 1208 1444 exercentem

123 1471 236 1558 magni
252 1470 366 1534 fecisse
382 1471 585 1550 videtur'ssb),
608 1477 732 1560 quippe
747 1495 845 1559 quem
860 1473 937 1558 quid
954 1475 995 1538 de
1010 1473 1145 1540 cardine
1158 1471 1210 1538 rei

122 1573 341 1638 iudicandum
355 1585 447 1648 esset,
464 1596 531 1640 non
547 1597 682 1663 prorsus
696 1576 822 1640 lateret.
863 1575 951 1640 Nam
968 1575 1120 1641 universa
1136 1573 1209 1652 litia,

121 1696 222 1764 quam
238 1685 309 1738 tum
323 1674 503 1758 agitaruut,
533 1698 627 1740 causa
647 1675 681 1740 in
698 1678 829 1764 antiqua
843 1677 1028 1744 Platonicae
1046 1676 1210 1744 Arietate

120 1779 271 1860 lineaque
284 1776 463 1840 sententiae
480 1777 713 1846 commixtione
726 1779 787 1844 sita
802 1779 883 1856 init,
909 1786 978 1862 qua.
996 1777 1090 1852 ἰδέαις
1111 1787 1209 1862 atque

118 1888 190 1954 τοῖς
205 1875 346 1942 καθόλου
361 1879 402 1941 ad
418 1901 522 1944 unum
537 1880 783 1964 quodammodo
799 1879 945 1944 conllatis
962 1881 1078 1946 eadem
1093 1891 1210 1952 natura

120 1981 288 2066 adscripta
304 1978 423 2045 suerat.
461 1979 668 2054 Abaelardcs
685 1992 795 2048 autem
808 1981 1023 2068 probabiliter
1036 1979 1210 2054 intellexit,

121 2083 215 2150 haud
238 2081 395 2166 exiguum
416 2082 563 2164 utrisque
584 2081 761 2146 discrimen
784 2081 1006 2148 intercederet
1030 2104 1131 2167 quare
1145 2103 1210 2146 uo-

110 2188 231 2252 .tiones
253 2181 454 2246 universales
480 2181 521 2246 ad
543 2181 730 2252 humanum
754 2183 958 2249 intellectum
981 2182 1231 2268 sermonisque.

121 2284 270 2372 vulgaris
284 2283 506 2350 necessitatem
522 2286 652 2364 retulit,
669 2287 763 2351 ‘unde
778 2287 998 2352 seminalibus
1010 2287 1211 2376 adnumera-

115 2401 178 2454 -tus
192 2398 257 2462 est;
279 2385 367 2451 ideas
382 2409 462 2451 vero
475 2397 551 2452 ante
564 2387 651 2476 ipsas
667 2410 882 2474 reaquarum
897 2387 1072 2474 originales
1086 2387 1210 2476 species

7 2539 8 2558 t
124 2500 245 2566 essem,
270 2486 306 2552 in
322 2487 435 2552 divina
449 2502 559 2554 mente
575 2489 713 2559 infuisse
727 2490 855 2579 putavit
868 2493 931 2568 3⁷).
972 2489 1116 2559 Platonis
1135 2489 1212 2576 quir

147 2755 153 2768 ·
180 2684 310 2766 Stil-cir.
333 2686 394 2739 bist.
411 2690 461 2740 cal·
484 2707 511 2758 p.
529 2691 556 2744 6.
591 2691 643 2745 Ubi
692 2709 792 2750 vocum
813 2713 862 2749 seu
884 2694 1023 2753 staminum
1042 2693 1072 2749 in
1096 2694 1210 2749 naturali

127 2759 331 2823 disputationem
350 2766 498 2822 narrasset,
519 2777 570 2827 qrra
589 2761 644 2812 Gu-
692 2771 787 2816 tenens
814 2767 940 2818 facultate
964 2773 1016 2818 etc.
1050 2769 1089 2818 Io.
1113 2767 1208 2814 Satist.

127 2826 256 2878 illelmnm
266 2821 476 2888 campellensem
486 2839 644 2893 praecepto·
693 2831 786 2884 Metal.
805 2835 840 2886 lt.
861 2837 921 2898 17).
956 2835 1059 2904 Quibus
1075 2834 1134 2899 ipse
1151 2832 1212 2898 uui.-

127 2907 287 2950 remanum
313 2894 470 2958 disputando
500 2897 644 2961 compartis·
694 2900 754 2952 dem
774 2912 932 2969 praeceptor
955 2917 1104 2972 repugnare
1128 2901 1211 2954 vide-

128 2973 186 3029 sat,
212 2971 241 3014 ut
259 2963 416 3014 sententiam
438 2978 512 3012 stram
530 2963 563 3012 de
580 2964 644 3015 uni·
693 2975 751 3028 tur,
771 2969 837 3020 haec
855 2987 979 3022 narrans:
1006 2973 1104 3035 „inter
1121 2977 1211 3021 cetera

126 3032 279 3088 versalibus
304 3039 417 3082 mutaret
440 3031 566 3109 (elma.
582 3029 644 3098 37),
692 3034 919 3100 '‚‚disputationum
946 3047 1097 3090 nostrarum
1123 3053 1211 3090 oona-

128 3103 248 3166 addidit,
276 3099 304 3151 in
332 3109 430 3151 tantam
457 3101 645 3170 negligentiam
695 3103 785 3168 „urina
808 3106 940 3174 antiquam
968 3107 1025 3162 aius
1053 3104 1211 3173 (Gnillelmi

129 3171 187 3224 eius
211 3168 354 3222 lectionem
376 3170 529 3222 devolutam
553 3171 645 3235 luisse,
696 3169 820 3238 „Campl
840 3176 873 3224 de
890 3173 1085 3229 universalibus
1102 3173 1213 3228 senteu-

129 3247 159 3290 nt
187 3241 220 3289 ad
249 3237 403 3290 dialecticae
427 3237 580 3300 lectionem*
596 3239 646 3292 vix
696 3237 779 3306 „tiam
792 3241 879 3308 ipsum
892 3253 1069 3310 commutare,
1092 3245 1146 3296 imo
1162 3246 1212 3296 de-

129 3309 326 3370 admitteretur,
345 3305 440 3374 ‚,qrrasi
458 3306 487 3358 in
504 3310 555 3359 bac
573 3307 647 3360 sciti·
696 3318 819 3375 „struere
837 3313 963 3380 compuli.
997 3315 1059 3367 Erat
1077 3321 1164 3370 autem
1182 3313 1212 3376 ip

129 3384 195 3444 „oet
204 3377 237 3428 da
246 3375 441 3427 universalibus
453 3375 582 3428 sententia
591 3385 648 3428 tota
695 3395 748 3446 „ea
761 3381 891 3432 sententia
904 3383 936 3432 de
949 3383 1136 3434 communitate
1151 3381 1213 3449 uni-

129 3445 228 3512 „buiue
246 3444 308 3494 artis
326 3444 483 3497 consisteret
499 3445 629 3497 summa.“
696 3448 876 3515 ‚,versalium‚
903 3459 931 3502 ut
953 3455 1063 3508 eundem
1083 3447 1215 3512 essentia-

181 3511 225 3577 37)
254 3515 292 3563 tta
316 3513 492 3591 hauddubie
517 3515 647 3569 solvenda
696 3516 779 3585 „liter
802 3535 861 3572 rem
889 3527 971 3572 totam
996 3521 1075 3572 simul
1104 3513 1214 3590 singrssis

130 3591 171 3636 est
195 3581 314 3648 quaestio
341 3581 423 3634 verris
448 3582 646 3637 difficultatibus
697 3585 773 3652 „suis
792 3585 880 3640 inesse
899 3597 1029 3642 astrueret
1042 3588 1213 3655 ,individuis3

21 3647 24 3658 '
121 3650 257 3718 ,implicita
275 3652 440 3718 multumque
458 3659 566 3706 tentata.
596 3648 647 3704 Hi·
697 3671 831 3721 „mserum
856 3656 962 3723 qrridem
991 3660 1063 3710 nulla
1088 3665 1162 3716 esset
1183 3658 1214 3712 iu

131 3722 271 3772 storiarum
299 3719 370 3776 enim
392 3720 545 3786 scriptores
574 3719 647 3790 iique
697 3724 1212 3794 „essentiadiversitas‚sedsolamul·

124 3789 277 3844 abaelardi
301 3787 423 3854 discipuli
444 3806 507 3842 eum,
528 3789 648 3843 aomina·
697 3792 831 3858 „titudine
841 3795 1018 3850 accidentiam
1027 3796 1154 3850 varietas.
1168 3792 1215 3860 Sic

130 3858 224 3912 liumo
244 3855 329 3912 inioai
344 3857 478 3912 addictum
492 3858 575 3920 fuisse
592 3869 648 3912 tra·
698 3871 805 3926 „antem
823 3863 898 3918 istam
919 3881 993 3919 stram
1011 3865 1131 3922 correxit
1150 3881 1216 3932 seu-

131 3927 198 3982 dant
222 3875 300 3990 iotae
319 3930 384 3992 Fris.
408 3929 427 3980 l.
445 3931 463 3981 1.
490 3928 647 3984 seutentiam
697 3931 837 4000 „tentiam
850 3941 880 3991 ut
890 3931 1022 4002 ¹deinceps
1032 3952 1089 3994 rem
1103 3936 1217 4000 eandem
