2798 4486
1122 233 1172 318 «1⁵,

168 404 340 499 tummodo
367 403 432 474 hnc
453 401 586 474 adduxit
608 419 640 474 et
662 401 724 474 hac
746 425 809 474 nos
832 399 1012 474 intentione
1035 429 1170 499 congre

167 520 234 616 gati
256 544 380 592 snmus,

256 629 482 714 Christian,
524 625 621 732 Nunc
644 626 803 722 prolecto,
831 644 989 722 quantum
1005 627 1170 724 percipio,

167 744 210 815 ad
245 743 390 824 omnium
430 739 674 835 disciplinarum
702 740 800 808 linem
829 755 861 808 ct
890 731 1171 817 consumationem

166 854 412 952 proficiscimur.
452 852 563 943 Quam
588 851 717 948 quidem
740 876 798 921 vos
816 851 964 935 ethicam,
987 852 1020 920 id
1037 869 1087 922 est
1101 879 1171 923 mo·

125 987 128 993 '
166 967 285 1051 ralem,‘
314 989 377 1035 nos
406 965 602 1046 divinitatem
626 962 793 1033 nominare
817 965 1055 1034 consuevimus.
1099 962 1171 1036 Nos

166 1079 253 1148 illam
287 1077 437 1148 videlicet
466 1104 504 1145 ex
535 1101 596 1159 eo,
632 1074 675 1144 ad
695 1065 794 1172 ¹quod
825 1061 1171 1170 comprehendendum

166 1183 319 1268 tenditur,
343 1188 377 1256 id
400 1204 457 1258 est·
473 1188 586 1271 deum,
609 1203 854 1281 nuncupantes,
877 1213 936 1284 vos
960 1215 997 1256 ex
1018 1186 1090 1271 illis,
1111 1214 1172 1282 per

167 1327 250 1399 qnae
278 1300 353 1392 illuc
380 1300 579 1395 pervenitur,
609 1299 674 1370 hoc
703 1315 754 1369 est
774 1299 921 1371 moribus
943 1299 1056 1378 honis,
1088 1323 1181 1394 qnas-

61 1451 62 1454 ¹
166 1415 298 1485 virtutes
320 1412 455 1483 vocatis.

232 1523 410 1610 ,Philon
454 1520 609 1593 Assentio
641 1520 730 1618 quod
753 1520 876 1590 clarum
900 1510 966 1606 est,
996 1537 1029 1592 et
1050 1545 1175 1600 novam,
1203 1515 1204 1522 ἵ

164 1635 441 1731 nuncupationem
477 1635 620 1704 nominis
655 1633 752 1704 vestri
780 1660 848 1704 uon
877 1633 1083 1704 mediocriter
1112 1657 1173 1730 ap..

165 1749 286 1843 probo,
313 1746 403 1837 Quia
424 1746 512 1816 enirn
535 1747 577 1816 ad
594 1746 695 1842 qnod,
713 1746 897 1841 pervenitur
919 1746 980 1829 his,
1003 1773 1062 1841 per
1084 1771 1169 1841 quae

167 1861 302 1944 venitur,
325 1860 453 1953 dignius
474 1859 650 1928 aestimatis
671 1875 703 1928 et
719 1859 906 1952 pervenisse
926 1858 1051 1929 felicius
1072 1883 1169 1954 quam

117 1983 121 1990 '
168 1971 294 2056 venire,
321 1971 384 2042 hoc
407 1971 503 2040 vestri
526 1970 667 2040 nominis
689 1970 904 2062 insigniorum
928 1986 977 2039 est
999 1993 1175 2065 nuncupa-1

167 2083 231 2164 tio,
263 2110 300 2152 ex
329 2082 452 2176 origine
481 2082 632 2178 propriae
661 2080 1046 2150 divinationis‘lectorem
1069 2081 1166 2176 pluri,

165 2222 254 2265 mnm
277 2196 433 2286 alliciens.
479 2189 594 2284 Quae,
623 2192 652 2261 si
673 2193 718 2262 ita
742 2219 779 2261 ex
804 2192 1000 2262 documento
1025 2193 1106 2263 sicut
1129 2219 1168 2262 cx

165 2306 324 2397 uocabulo
353 2304 572 2402 praemineat,
602 2303 724 2374 nullam
755 2305 783 2376 ei
807 2303 1012 2400 disciplinam
1035 2329 1168 2399 compa·

164 2418 301 2488 randam
325 2444 456 2490 censeo.
479 2406 482 2418 ,

254 2528 480 2600 Christian.
514 2528 611 2600 Nunc
633 2530 737 2623 igitur,
761 2529 789 2597 si
807 2528 925 2623 placet,
946 2529 1116 2623 praefinire
1135 2545 1175 2600 te-

74 2715 76 2720 ,
165 2642 331 2727 volumus,
359 2643 394 2711 in
425 2645 489 2738 quo
517 2667 612 2711 verae
643 2642 768 2711 ethicae
798 2665 924 2722 summa
955 2641 1112 2711 consistat
1135 2657 1167 2710 et

166 2753 243 2850 qnid
274 2781 313 2824 ex
340 2753 401 2824 hac
418 2755 646 2850 ¹spectandum
669 2752 746 2846 (sol.
768 2762 820 2826 et.
843 2753 907 2842 R.)
924 2742 973 2822 xsit
1000 2753 1094 2822 nohis
1119 2751 1171 2820 di-'

166 2865 299 2960 sciplina
328 2883 364 2954 et
389 2893 453 2962 quo
478 2892 552 2935 cum
575 2883 764 2960 perventum
785 2864 880 2934 luerit
903 2868 972 2959 ejus
999 2864 1039 2932 sit
1061 2867 1165 2934 inten-

165 2977 212 3046 tio
230 2996 465 3064 consummata.
501 2979 608 3071 Hujus
629 2995 666 3047 ut
683 2977 821 3047 arbitror
840 2975 1031 3074 disciplinae
1049 2976 1082 3042 in
1101 2975 1164 3045 hoc

165 3105 235 3158 tota
258 3089 418 3182 colligitur
449 3115 592 3174 summa,
622 3108 672 3174 ut,
701 3115 765 3185 quo
791 3113 954 3156 summum
976 3086 1099 3155 honum
1123 3087 1166 3156 sit

164 3217 199 3270 et
221 3227 285 3296 qna
307 3202 381 3271 illuc
404 3203 455 3272 via
479 3203 573 3273 nohis
596 3201 638 3272 sit
659 3200 929 3298 perveniendum,
953 3198 1086 3291 aperiat.

224 3313 410 3384 'Philus
454 3314 570 3384 Placet
596 3314 707 3408 ntique
731 3312 939 3397 vehementer
962 3327 1026 3380 tam
1050 3310 1164 3405 paucis
1234 3318 1238 3327 '

165 3423 271 3496 verbis
300 3419 407 3498 tantae
430 3427 478 3496 rei
501 3444 660 3495 summam
684 3424 831 3519 exprimi,
862 3439 893 3492 et
916 3422 1013 3493 totins
1039 3423 1164 3492 ethicae

113 3517 119 3530 ⁹
166 3551 233 3604 tarn
257 3535 425 3631 diligenter
446 3538 660 3608 intentionem
684 3535 923 3632 comprehendi.
969 3533 1068 3624 Quae
1095 3535 1163 3630 qni-

167 3647 243 3718 dcm
263 3648 450 3741 intentionis
474 3650 572 3739 verba
594 3651 657 3719 ista
677 3649 771 3734 insse
795 3647 903 3718 statim
926 3647 1055 3740 rapiunt
1073 3647 1162 3716 audi·

166 3775 271 3830 torem
279 3777 348 3852 ,et
366 3761 461 3855 hujus
486 3762 673 3857 disciplinae
697 3758 837 3829 studium
861 3758 1105 3842 commendant,
1127 3774 1167 3826 ut

165 3871 200 3940 in
230 3875 299 3966 ejus
328 3874 570 3968 comparatione
598 3873 743 3944 omnium
772 3871 889 3940 artium
919 3869 1075 3939 vilescant
1104 3861 1178 3938 do-¹

130 4039 132 4044 ,
166 3982 298 4054 ctrinae.
335 3968 414 4074 Quo
439 3988 525 4056 enim
546 4011 708 4082 summurn
730 3984 859 4053 honum
877 3983 990 4052 ceteris
1013 3981 1186 4052 omnibus·
