2740 4486
1075 257 1139 335 Μ

28 439 34 448 ·
122 425 158 490 in
170 426 315 492 creando
326 423 520 510 potentiam,
533 426 910 513 in'creutagubernundo
918 429 1133 512 rapientium,-

122 535 296 603 inoadem
319 539 362 604 ad
386 541 542 622 optimum
575 551 730 606 eventurn
760 539 952 606 deducendo
975 538 1126 626 benigni·

124 633 226 714 tatern
249 671 292 718 ex
313 652 395 734 ipair
417 653 565 737 ejusdem
587 653 734 720 caritatis
755 651 880 737 liquido
904 652 1128 737 deprehende·

122 772 208 841 rent,
232 765 310 845 quie
329 747 395 840 nna
418 776 451 829 et
474 765 591 830 eadam
613 773 657 831 ait
677 767 805 831 unitate
831 765 1133 850 substantiaque

123 875 188 940 tria
210 873 319 942 divisa
347 880 567 960 proprietate,
599 877 649 944 ibi
669 891 819 944 sanctam
840 881 1021 946 trinitatem
1042 879 1127 950 diui·

122 1006 199 1054 uarn
221 987 473 1070 perpenderunt.
517 988 646 1073 Quippe
668 990 758 1056 aliud
781 1003 833 1058 eat
854 1013 930 1058 ecre
945 1001 1127 1076 potentem,

124 1097 213 1164 alind
234 1102 435 1182 eapientem,
458 1100 550 1167 aliud
572 1123 647 1169 esee
669 1103 857 1190 benignum.

511 1315 738 1401 CapntX111.·
843 1275 846 1282 ’

298 1431 445 1500 Quomodo
461 1430 490 1487 in
506 1433 631 1490 trinitate
648 1447 772 1508 pomona
790 1432 955 1506 accipiatur.

211 1549 297 1628 Quia
317 1556 419 1641 igitur
439 1552 522 1620 haec
544 1555 607 1621 tria
620 1555 820 1638 proprietate
834 1554 1129 1636 divisaperoouanr

121 1668 228 1750 patria
249 1679 283 1732 et
302 1689 478 1751 perronam
509 1665 573 1734 filii
602 1679 636 1732 et
666 1689 841 1751 personam
863 1668 996 1750 spiritua
1018 1666 1127 1732 tancti

120 1799 359 1862 saepenumero
378 1783 449 1865 jorn
472 1782 636 1866 assignari
658 1782 818 1862 diximus,
841 1782 962 1845 ideireo
985 1780 1127 1864 qualiter

122 1890 178 1958 hio
199 1915 342 1976 persona
377 1876 502 1958 dicatur
533 1894 767 1960 declarandum
799 1896 1035 1962 existimarunt.
1080 1890 1129 1960 Ut

121 2025 203 2091 ergo
220 2008 329 2093 magia
349 2004 487 2089 liqueat,
511 2006 597 2090 quod
620 2018 806 2072 monstraro
827 2005 1038 2087 intendimur,
1062 2005 1126 2076 dit-

122 2117 291 2184 finitionea
326 2121 477 2184 diversae
512 2120 691 2184 secundnm
724 2120 872 2195 diversae
913 2122 1127 2202 acceptiones

120 2251 311 2315 ponamna,
336 2231 442 2298 Paulo
471 2234 582 2317 itaque
605 2232 706 2298 altius
730 2233 922 2297 ordiendum
943 2234 1029 2297 ratio
1050 2254 1126 2316 per·

1 2431 2 2436 ἵ
120 2346 250 2410 suadet.
294 2343 404 2410 Aliter
426 2347 513 2410 enirn
536 2349 848 2430 accipiturpereona
864 2349 897 2411 in
912 2337 1126 2432 grammatica

121 2468 156 2521 et
179 2456 315 2522 aliter
305 2479 340 2564 ιιι
371 2457 559 2568 ιΙιοῑοιξιιι,Ι
596 2459 730 2562 aliter'
720 2483 754 2524 ιιι
785 2458 991 2546 horninibus,
1028 2459 1126 2573 aliter

118 2573 251 2660 quoque
273 2574 306 2638 in
331 2575 442 2640 divina
465 2555 623 2642 essentie.
664 2560 785 2641 Omnis
816 2577 977 2661 siquidem
999 2575 1125 2642 locutio

0 2769 1 2784 χ
122 2691 188 2754 tria
210 2688 308 2754 debet
330 2688 475 2772 habere,
506 2712 567 2773 per
589 2691 680 2775 quod
696 2690 774 2769 fiat,
808 2691 847 2755 ad
873 2691 958 2776 quod
980 2690 1060 2768 fiat,
1084 2690 1125 2754 de
1159 2788 1162 2793 Ι

1 2861 5 2917 3
120 2829 185 2892 que
207 2806 278 2872 fiat.
322 2804 389 2871 Per
412 2807 499 2892 qnod
520 2806 579 2872 fiat
601 2829 659 2888 per
679 2783 1126 2900 loquentempadqnodfiat

1 2997 3 3012 .
119 2918 164 2983 ad
185 2919 392 2998 audientem,
427 2920 468 2983 do
499 2941 564 3004 quo
592 2907 651 2986 fiat
672 2922 713 2984 de
737 2942 777 2984 eo
800 2921 948 2998 scilicet,
978 2918 1064 2983 unde
1086 2915 1125 2982 fit

119 3051 240 3098 termo.
291 3030 404 3096 Prima
444 3053 588 3114 persona
626 3033 743 3097 dicitur
777 3031 935 3116 laquear,
979 3031 1126 3110 secunda

0 3231 1 3238 ἵ
119 3145 279 3222 audiena,
313 3144 431 3222 tertia,
461 3143 503 3208 de
526 3165 589 3226 qna
611 3142 649 3208 fit
671 3165 797 3222 sermo,
826 3143 1125 3228 interloquentem

119 3270 155 3322 et
176 3254 373 3322 audientem.
421 3255 481 3320 Eat
514 3277 594 3342 ergo
624 3257 658 3320 in
691 3258 905 3344 grammatice
932 3257 1048 3320 eadem
1069 3275 1126 3322 rea

6 3427 8 3438 .
117 3371 224 3454 prima
246 3389 388 3452 persona
411 3379 444 3432 et
466 3369 611 3434 secunde
633 3381 668 3433 et
689 3371 801 3450 tertia,
824 3371 900 3454 quia
922 3371 1008 3435 idern
1026 3368 1126 3439 hono

117 3481 283 3566 loquitur,
315 3481 583 3567 quandoquend
613 3480 733 3562 aliurn,
770 3483 964 3566 quandoque
993 3484 1029 3548 in
1051 3504 1126 3548 annu

0 3579 2 3584 ’
118 3595 271 3682 dirigitur
292 3593 436 3675 locutio,
470 3595 664 3680 quaudoque
693 3595 744 3672 de,
763 3617 804 3666 eo
829 3595 868 3670 fir
889 3587 1030 3673 locutio.
1069 3595 1125 3662 sto

0 3807 1 3814 ¹
115 3729 200 3795 argo
224 3707 388 3774 diffinitur
408 3709 443 3774 in
465 3712 696 3798 grammatica:
718 3730 860 3794 partone
882 3723 946 3790 ert,
968 3729 1051 3796 quoe
1073 3706 1126 3781 le„

0 3809 6 3830 ¹'
119 3822 247 3905 quitur,
279 3821 334 3886 vel
356 3821 398 3886 ad
420 3844 516 3907 quern
538 3819 683 3909 loquitur
703 3822 811 3902 aliua,
834 3821 891 3890 vel
912 3823 953 3888 de
975 3841 1039 3907 quo
1060 3818 1126 3886 ali·

120 3933 194 4017 qnia
226 3931 382 4026 loquitor.
436 3932 477 4000 ln
505 3931 672 4002 rhetorica
711 3955 791 4002 vero
825 3934 943 4010 dicitnr
971 3951 1125 4018 perrona,
