2774 4486
108 365 324 430 aestimarent
331 411 342 444 ,
368 374 401 428 et
414 353 619 429 intellectum
634 365 687 430 vel
703 361 949 452 philosophiam
970 361 1050 429 edet
1068 363 1200 434 thecua

113 465 536 554 glaebadominammsgie
551 487 793 552 quamsecvam
810 464 1028 553 taceremus).
1113 499 1140 524 1.
1169 496 1177 510 =·
1201 507 1203 514 ι

166 570 267 649 ‘flam
281 585 368 634 veru·
378 580 565 656 comparata
582 568 632 634 lris
644 569 816 634 sententiis
827 569 963 646 ratione,
976 589 1074 653 qu'arn
1091 567 1198 634 Aban*

112 669 337 737 lardue“lidei'
362 691 438 735 cum
464 671 632 736 intellectu
659 671 866 738 intercedere
892 671 1015 745 soluit,
1049 671 1142 736 illico
1161 671 1219 744 in,

114 785 248 862 prom-tu
266 785 329 851 est,
359 795 435 836 eum
459 761 535 839 cum
556 770 743 857 Augustino
766 775 900 862 eiusque
919 773 1109 858 sequacibus
1129 793 1213 836 non.

115 875 310 942 consentiae.
341 875 541 960 Diligentius
555 894 635 940 vero
650 899 689 940 re
701 874 906 940 considerata
921 877 1087 941 neminem
1103 871 1201 938 lacile

114 971 233 1061 fugiet,
255 989 473 1064 utrorumque
495 977 676 1042 dissensum
701 1001 768 1043 non
795 989 921 1042 tentum
945 998 1027 1058 esse,
1056 985 1201 1059 quantus

114 1079 225 1168 primo
243 1079 398 1166 adspectu
414 1091 582 1168 appareat.
625 1079 756 1144 Etenim
773 1095 815 1145 ne
831 1079 1123 1165 muueamspaulo
1137 1076 1202 1142 ab·

114 1181 245 1245 surdius
258 1201 336 1245 curn
352 1192 501 1248 acturum
519 1205 605 1257 essa,
626 1183 682 1267 qui
697 1184 849 1248 ordinem
862 1182 902 1246 ub
917 1181 1102 1266 Augustino
1117 1201 1202 1244 cun*

114 1287 266 1348 stitutum·
282 1284 370 1348 salva
400 1285 579 1349 verborum
615 1285 750 1350 notione
775 1284 861 1350 verti
887 1283 1040 1370 illiusque
1067 1283 1201 1346 decreto

116 1384 408 1450 contradictorium
426 1388 591 1472 quoddam
606 1397 737 1451 -cum
755 1386 867 1473 logicis
884 1387 1003 1470 loquor
1015 1421 1058 1433 --
1072 1382 1201 1470 opponi

114 1507 213 1574 posse
226 1499 374 1552 censente
397 1488 460 1553 hoc
475 1487 630 1576 inprimis
642 1499 827 1577 reputatum
845 1489 956 1568 velim,
968 1485 1204 1552 Abeelardum

115 1588 294 1653 intellectui
332 1589 436 1654 multo
472 1595 582 1656 miuus
620 1591 789 1672 tribuisse,
826 1610 926 1676 quem
964 1586 1200 1673 Augustinum·

116 1688 326 1776 Quamquam
342 1692 454 1777 negari
467 1696 597 1779 nequit,
620 1695 754 1759 vocibus
772 1694 953 1758 intellectus
969 1701 999 1756 et
1014 1689 1202 1774 intelligere

116 1795 235 1880 passim
265 1793 310 1858 ita
331 1815 407 1857 eum
439 1816 534 1859 usum
557 1794 674 1874 fuisse,
704 1808 741 1861 ut
769 1795 809 1860 ad
831 1815 944 1858 rerum
966 1793 1200 1856 sublimiorum

116 1893 297 1980 perlectam
318 1896 467 1960 notitiam
491 1897 661 1983 ipsamque
683 1899 764 1962 adeo
786 1897 839 1961 dei
863 1896 1025 1961 visionem
1045 1895 1078 1958 in
1098 1894 1203 1958 alters

116 1997 182 2061 vita
198 1999 448 2082 exspectandam
469 1998 662 2064 referendae
677 2011 783 2062 essent
796 1997 938 2082 (127sE.
955 1996 1038 2061 1076
1051 1997 1095 2060 in.
1112 1994 1202 2059 Disl.
1227 2071 1228 2074 Ἴ

116 2097 191 2182 90)=
213 2099 331 2162 diserte
346 2111 456 2165 tamen
471 2101 674 2167 intellectum
691 2112 722 2164 et
736 2100 855 2175 iidem,
879 2110 963 2188 quae
983 2097 1061 2163 iude
1083 2117 1203 2182 sequen

1 2265 2 2268 ,
116 2213 227 2276 retur,
257 2223 274 2265 a
299 2203 485 2288 cognitione
515 2204 678 2280 distinxit,
709 2223 791 2289 quae
815 2204 961 2291 ipsarum
988 2219 1204 2284 rerumuou

115 2306 346 2391 apparentium
358 2307 560 2392 experientia
574 2317 656 2371 esset
670 2308 844 2394 peripsam
857 2327 972 2369 earum
982 2301 1204 2390 praesentiam

117 2406 213 2486 (1061
229 2407 321 2496 md).
363 2408 454 2473 Hinc
475 2409 649 2486 concessit,
679 2431 747 2474 csse
771 2428 849 2472 sane
870 2406 1030 2494 quasdam
1054 2406 1204 2470 humano

117 2507 284 2574 intellectu
307 2511 496 2599 superiora,
525 2522 557 2576 cl
578 2511 633 2576 dci
660 2509 1027 2599 incomprehensibilem
1049 2519 1202 2574 naturam

117 2606 366 2687 abhominibus,
382 2613 509 2696 quinae
522 2614 658 2700 seipsos
669 2614 1040 2698 necquantulaeeuuquc
1049 2623 1204 2677 naturam

118 2722 289 2776 creaturae
317 2713 479 2778 discutere
506 2705 634 2781 ratione
654 2715 841 2780 sufficerent
870 2715 969 2798 (baeu
997 2726 1106 2779 tamen
1132 2735 1202 2777 non

118 2813 266 2898 urgenda
287 2825 375 2877 sunl.
406 2813 692 2899 cir.107bextr.),
713 2817 851 2903 intelligi
868 2813 1203 2900 nequire'identidem

118 2914 256 2981 asseruit
269 2915 416 2997 (12511).
440 2915 599 3002 tuctu),
628 2921 784 3002 quoniam
805 2919 893 3004 quod
918 2917 989 3001 cepi
1010 2927 1076 2978 uon
1094 2922 1203 3000 posset

92 3018 209 3096 ¹loco,
244 3017 389 3084 humano
418 3019 530 3083 auimo
560 3038 625 3082 non
654 3019 992 3103 comprehenderetur
1016 3013 1203 3098 (lunum).

118 3121 217 3186 Haud
227 3120 382 3206 exiguum
399 3118 1008 3207 perfectiintellectusimpcdimentum
1023 3115 1057 3179 in
1073 3115 1204 3200 liuguae

118 3219 282 3285 humanae
295 3223 518 3287 imbecillitate
532 3221 711 3306 requisivit.
756 3221 862 3285 Voces
887 3223 975 3283 euim
993 3229 1131 3306 propter
1148 3217 1204 3282 iu-

118 3323 266 3386 tellectus
290 3323 458 3389 institutae
485 3325 526 3390 ad
553 3335 779 3388 creaturarum
808 3324 915 3388 solum
937 3333 1038 3385 status
1057 3318 1203 3384 maxime

119 3425 387 3490 accommodatae
410 3427 462 3492 dei
487 3439 637 3492 naturam
667 3448 709 3490 ex
732 3449 835 3512 aequo
857 3425 997 3489 reddero
1018 3432 1202 3510 nequcuut3

119 3527 176 3612 qui
198 3525 312 3591 omnia
331 3527 539 3594 ineffabiliter
560 3529 778 3606 transcendit,
806 3551 940 3594 omnem
964 3549 1093 3614 quoque
1107 3524 1204 3591 insti·

168 3677 218 3745 32)
247 3683 291 3734 De
317 3689 373 3734 tota
396 3683 447 3734 hac
472 3699 552 3736 causa
582 3684 634 3736 clr.
686 3683 724 3735 tit.
748 3681 798 3736 104
822 3685 875 3736 hcc
900 3681 929 3735 in
952 3681 1109 3736 ninivensem
1132 3678 1204 3734 inter

118 3754 183 3807 Ars.
204 3754 273 3802 Gora
296 3752 329 3803 de
350 3751 402 3804 fide
422 3751 484 3804 triu.
513 3769 535 3807 u.
553 3756 578 3803 2.
599 3777 634 3796 u-
684 3751 801 3823 logicum
821 3761 900 3820 atque
925 3755 1082 3820 theologum
1103 3748 1203 3802 discri-

119 3823 197 3884 Huge
219 3822 288 3872 Vict-
315 3820 376 3888 (rel
397 3820 508 3888 quilibet
529 3823 596 3874 liaeo
619 3839 634 3874 s
684 3839 746 3873 meu
757 3822 926 3874 intercedere
938 3818 1203 3890 perhibuitssugious

118 3887 200 3941 variis
218 3891 366 3957 aequalium
383 3889 542 3955 scripturum
559 3890 634 3944 libris
683 3889 1204 3974 priuslntelligit,quamcredatptbeolo-

119 3957 273 4030 collegerit)
296 3959 413 4013 Miscelb
439 3961 476 4014 T.
498 3958 633 4015 ultus
684 3955 1204 4032 gosvcm'pnuscredinpostimeutgit·
