<?xml version="1.0" encoding="UTF-8"?>
<!DOCTYPE html PUBLIC "-//W3C//DTD XHTML 1.0 Transitional//EN"
    "http://www.w3.org/TR/xhtml1/DTD/xhtml1-transitional.dtd">
<html xmlns="http://www.w3.org/1999/xhtml" xml:lang="en" lang="en">
 <head>
  <title>
</title>
<meta http-equiv="Content-Type" content="text/html;charset=utf-8" />
  <meta name='ocr-system' content='tesseract 3.04.00' />
  <meta name='ocr-capabilities' content='ocr_page ocr_carea ocr_par ocr_line ocrx_word'/>
</head>
<body>
  <div class='ocr_page' id='page_1' title='image "./dialogusinterph00abelgoog_0032.png"; bbox 0 0 2798 4486; ppageno 0'>
   <div class='ocr_carea' id='block_1_1' title="bbox 258 405 1263 618">
    <p class='ocr_par' dir='ltr' id='par_1_1' title="bbox 258 405 1263 618">
     <span class='ocr_line' id='line_1_1' title="bbox 260 405 1261 512; baseline 0.001 -33"><span class='ocrx_word' id='word_1_1' title='bbox 260 409 377 508; x_wconf 89' lang='lat' dir='ltr'>quibus</span> <span class='ocrx_word' id='word_1_2' title='bbox 401 413 434 480; x_wconf 86' lang='lat' dir='ltr'>e&#39;t</span> <span class='ocrx_word' id='word_1_3' title='bbox 456 427 568 478; x_wconf 85' lang='lat' dir='ltr'>eorum</span> <span class='ocrx_word' id='word_1_4' title='bbox 592 405 715 477; x_wconf 87' lang='lat' dir='ltr'>semine</span> <span class='ocrx_word' id='word_1_5' title='bbox 740 405 884 512; x_wconf 81' lang='lat' dir='ltr'>omnium</span> <span class='ocrx_word' id='word_1_6' title='bbox 909 405 1052 498; x_wconf 78' lang='lat' dir='ltr'>gentium</span> <span class='ocrx_word' id='word_1_7' title='bbox 1076 406 1261 480; x_wconf 77' lang='lat' dir='ltr'>benedictio</span> 
     </span>
     <span class='ocr_line' id='line_1_2' title="bbox 258 515 1263 618; baseline -0.001 -24"><span class='ocrx_word' id='word_1_8' title='bbox 258 523 366 594; x_wconf 79' lang='lat' dir='ltr'>lutura</span> <span class='ocrx_word' id='word_1_9' title='bbox 389 519 600 618; x_wconf 69' lang='lat' dir='ltr'><strong>promittitur,</strong></span> <span class='ocrx_word' id='word_1_10' title='bbox 623 519 678 615; x_wconf 90' lang='lat' dir='ltr'>qui</span> <span class='ocrx_word' id='word_1_11' title='bbox 700 519 796 588; x_wconf 84' lang='lat' dir='ltr'>etiam</span> <span class='ocrx_word' id='word_1_12' title='bbox 818 515 925 610; x_wconf 85' lang='lat' dir='ltr'>legem</span> <span class='ocrx_word' id='word_1_13' title='bbox 949 537 1208 612; x_wconf 83' lang='lat' dir='ltr'>praecesserunt,</span> <span class='ocrx_word' id='word_1_14' title='bbox 1230 537 1263 594; x_wconf 89' lang='lat' dir='ltr'>et</span> 
     </span>
    </p>
   </div>
   <div class='ocr_carea' id='block_1_2' title="bbox 152 627 1262 842">
    <p class='ocr_par' dir='ltr' id='par_1_2' title="bbox 152 627 1262 842">
     <span class='ocr_line' id='line_1_3' title="bbox 152 627 1262 730; baseline -0.002 -23"><span class='ocrx_word' id='word_1_15' title='bbox 152 693 168 706; x_wconf 72' lang='grc'>,,</span> <span class='ocrx_word' id='word_1_16' title='bbox 258 636 332 708; x_wconf 87' lang='lat' dir='ltr'>vide</span> <span class='ocrx_word' id='word_1_17' title='bbox 363 649 460 730; x_wconf 57' lang='lat' dir='ltr'>mam</span> <span class='ocrx_word' id='word_1_18' title='bbox 490 632 532 702; x_wconf 91' lang='lat' dir='ltr'>sit</span> <span class='ocrx_word' id='word_1_19' title='bbox 557 627 765 702; x_wconf 79' lang='lat' dir='ltr'>excellentior</span> <span class='ocrx_word' id='word_1_20' title='bbox 794 657 906 700; x_wconf 91' lang='lat' dir='ltr'>eorum</span> <span class='ocrx_word' id='word_1_21' title='bbox 928 632 1153 725; x_wconf 82' lang='lat' dir='ltr'>praerogativa</span> <span class='ocrx_word' id='word_1_22' title='bbox 1177 651 1262 705; x_wconf 88' lang='lat' dir='ltr'>cete·</span> 
     </span>
     <span class='ocr_line' id='line_1_4' title="bbox 257 741 1261 842; baseline -0.002 -23"><span class='ocrx_word' id='word_1_23' title='bbox 257 774 385 831; x_wconf 89' lang='lat' dir='ltr'>rorum,</span> <span class='ocrx_word' id='word_1_24' title='bbox 414 745 468 842; x_wconf 89' lang='lat' dir='ltr'>qui</span> <span class='ocrx_word' id='word_1_25' title='bbox 489 761 567 840; x_wconf 86' lang='lat' dir='ltr'>post</span> <span class='ocrx_word' id='word_1_26' title='bbox 588 743 915 836; x_wconf 83' lang='lat' dir='ltr'>legemexstitemnt</span> <span class='ocrx_word' id='word_1_27' title='bbox 962 741 1059 812; x_wconf 90' lang='lat' dir='ltr'>Unde</span> <span class='ocrx_word' id='word_1_28' title='bbox 1084 761 1115 813; x_wconf 90' lang='lat' dir='ltr'>et</span> <span class='ocrx_word' id='word_1_29' title='bbox 1137 747 1261 840; x_wconf 84' lang='lat' dir='ltr'>specia-</span> 
     </span>
    </p>
   </div>
   <div class='ocr_carea' id='block_1_3' title="bbox 257 855 1397 1070">
    <p class='ocr_par' dir='ltr' id='par_1_3' title="bbox 257 855 1397 1070">
     <span class='ocr_line' id='line_1_5' title="bbox 257 855 1397 956; baseline 0 -26"><span class='ocrx_word' id='word_1_30' title='bbox 257 857 445 930; x_wconf 85' lang='lat' dir='ltr'>literDeus</span> <span class='ocrx_word' id='word_1_31' title='bbox 469 882 582 927; x_wconf 87' lang='lat' dir='ltr'>eorum</span> <span class='ocrx_word' id='word_1_32' title='bbox 606 881 678 926; x_wconf 88' lang='lat' dir='ltr'>esse</span> <span class='ocrx_word' id='word_1_33' title='bbox 706 856 833 940; x_wconf 87' lang='lat' dir='ltr'>dicitur,</span> <span class='ocrx_word' id='word_1_34' title='bbox 864 855 989 950; x_wconf 92' lang='lat' dir='ltr'>etipse</span> <span class='ocrx_word' id='word_1_35' title='bbox 1012 855 1179 949; x_wconf 83' lang='lat' dir='ltr'>legislator</span> <span class='ocrx_word' id='word_1_36' title='bbox 1202 885 1288 956; x_wconf 30' lang='lat' dir='ltr'>per!</span> <span class='ocrx_word' id='word_1_37' title='bbox 1396 891 1397 904; x_wconf 57' lang='lat'>¹</span> 
     </span>
     <span class='ocr_line' id='line_1_6' title="bbox 258 958 1397 1070; baseline -0.003 -28"><span class='ocrx_word' id='word_1_38' title='bbox 258 979 371 1042; x_wconf 79' lang='lat' dir='ltr'>eornm</span> <span class='ocrx_word' id='word_1_39' title='bbox 394 969 509 1041; x_wconf 84' lang='lat' dir='ltr'>merita</span> <span class='ocrx_word' id='word_1_40' title='bbox 531 985 565 1039; x_wconf 91' lang='lat' dir='ltr'>et</span> <span class='ocrx_word' id='word_1_41' title='bbox 586 969 628 1039; x_wconf 89' lang='lat' dir='ltr'>ad</span> <span class='ocrx_word' id='word_1_42' title='bbox 650 968 742 1063; x_wconf 85' lang='lat' dir='ltr'>ipsos</span> <span class='ocrx_word' id='word_1_43' title='bbox 758 966 995 1063; x_wconf 86' lang='lat' dir='ltr'>promissiones</span> <span class='ocrx_word' id='word_1_44' title='bbox 1017 968 1122 1039; x_wconf 86' lang='lat' dir='ltr'>lactas</span> <span class='ocrx_word' id='word_1_45' title='bbox 1144 958 1260 1040; x_wconf 89' lang='lat' dir='ltr'>iratum</span> <span class='ocrx_word' id='word_1_46' title='bbox 1322 1018 1325 1022; x_wconf 74' lang='lat'><em>,</em></span> <span class='ocrx_word' id='word_1_47' title='bbox 1396 1063 1397 1070; x_wconf 6' lang='grc' dir='ltr'>ἵ</span> 
     </span>
    </p>
   </div>
   <div class='ocr_carea' id='block_1_4' title="bbox 255 1080 1355 2186">
    <p class='ocr_par' dir='ltr' id='par_1_4' title="bbox 255 1080 1355 2186">
     <span class='ocr_line' id='line_1_7' title="bbox 256 1080 1260 1180; baseline -0.001 -26"><span class='ocrx_word' id='word_1_48' title='bbox 256 1082 383 1180; x_wconf 93' lang='lat' dir='ltr'>populo</span> <span class='ocrx_word' id='word_1_49' title='bbox 412 1081 580 1153; x_wconf 90' lang='lat' dir='ltr'>domiuum</span> <span class='ocrx_word' id='word_1_50' title='bbox 611 1080 774 1161; x_wconf 84' lang='lat' dir='ltr'>conciliat.</span> <span class='ocrx_word' id='word_1_51' title='bbox 825 1080 990 1176; x_wconf 82' lang='lat' dir='ltr'>Scriptum</span> <span class='ocrx_word' id='word_1_52' title='bbox 1021 1097 1072 1152; x_wconf 86' lang='lat' dir='ltr'>est</span> <span class='ocrx_word' id='word_1_53' title='bbox 1100 1084 1187 1152; x_wconf 89' lang='lat' dir='ltr'>euim</span> <span class='ocrx_word' id='word_1_54' title='bbox 1211 1093 1260 1173; x_wconf 74' lang='grc' dir='ltr'>ι)ε</span> 
     </span>
     <span class='ocr_line' id='line_1_8' title="bbox 257 1179 1355 1302; baseline 0.002 -37"><span class='ocrx_word' id='word_1_55' title='bbox 257 1196 419 1294; x_wconf 80' lang='lat' dir='ltr'>„Moyses</span> <span class='ocrx_word' id='word_1_56' title='bbox 436 1179 557 1264; x_wconf 21' lang='lat' dir='ltr'>*autem</span> <span class='ocrx_word' id='word_1_57' title='bbox 586 1193 701 1263; x_wconf 89' lang='lat' dir='ltr'>orabat</span> <span class='ocrx_word' id='word_1_58' title='bbox 729 1191 897 1261; x_wconf 90' lang='lat' dir='ltr'>domiuum</span> <span class='ocrx_word' id='word_1_59' title='bbox 927 1192 1056 1263; x_wconf 87' lang='lat' dir='ltr'>dicens:</span> <span class='ocrx_word' id='word_1_60' title='bbox 1101 1193 1263 1285; x_wconf 84' lang='lat' dir='ltr'>Quiescat</span> <span class='ocrx_word' id='word_1_61' title='bbox 1351 1293 1355 1302; x_wconf 28' lang='lat'><strong><em>¹</em></strong></span> 
     </span>
     <span class='ocr_line' id='line_1_9' title="bbox 256 1303 1259 1402; baseline 0.004 -26"><span class='ocrx_word' id='word_1_62' title='bbox 256 1307 305 1378; x_wconf 88' lang='lat' dir='ltr'>ira</span> <span class='ocrx_word' id='word_1_63' title='bbox 327 1325 383 1377; x_wconf 86' lang='lat' dir='ltr'>tua</span> <span class='ocrx_word' id='word_1_64' title='bbox 397 1323 439 1376; x_wconf 80' lang='lat' dir='ltr'>=et</span> <span class='ocrx_word' id='word_1_65' title='bbox 462 1322 533 1376; x_wconf 92' lang='lat' dir='ltr'>esto</span> <span class='ocrx_word' id='word_1_66' title='bbox 556 1303 725 1400; x_wconf 87' lang='lat' dir='ltr'>placabilis</span> <span class='ocrx_word' id='word_1_67' title='bbox 749 1328 847 1398; x_wconf 89' lang='lat' dir='ltr'>snper</span> <span class='ocrx_word' id='word_1_68' title='bbox 869 1304 1046 1400; x_wconf 83' lang='lat' dir='ltr'>nequitiam</span> <span class='ocrx_word' id='word_1_69' title='bbox 1069 1307 1182 1402; x_wconf 91' lang='lat' dir='ltr'>populi</span> <span class='ocrx_word' id='word_1_70' title='bbox 1205 1309 1259 1380; x_wconf 87' lang='lat' dir='ltr'>tui.</span> 
     </span>
     <span class='ocr_line' id='line_1_10' title="bbox 257 1411 1259 1501; baseline 0.001 -12"><span class='ocrx_word' id='word_1_71' title='bbox 257 1411 656 1501; x_wconf 75' lang='lat' dir='ltr'>Recordare&#39;ttbraham,</span> <span class='ocrx_word' id='word_1_72' title='bbox 683 1417 777 1485; x_wconf 83' lang='lat' dir='ltr'><strong>Isaac</strong></span> <span class='ocrx_word' id='word_1_73' title='bbox 809 1432 840 1485; x_wconf 92' lang='lat' dir='ltr'>et</span> <span class='ocrx_word' id='word_1_74' title='bbox 863 1415 964 1486; x_wconf 83' lang='lat' dir='ltr'>Israel</span> <span class='ocrx_word' id='word_1_75' title='bbox 993 1443 1160 1489; x_wconf 89' lang='lat' dir='ltr'>servorum</span> <span class='ocrx_word' id='word_1_76' title='bbox 1189 1436 1259 1490; x_wconf 91' lang='lat' dir='ltr'>tuo·</span> 
     </span>
     <span class='ocr_line' id='line_1_11' title="bbox 256 1527 1274 1627; baseline 0.001 -26"><span class='ocrx_word' id='word_1_77' title='bbox 256 1559 346 1616; x_wconf 88' lang='lat' dir='ltr'>rum,</span> <span class='ocrx_word' id='word_1_78' title='bbox 370 1531 485 1627; x_wconf 89' lang='lat' dir='ltr'>quibus</span> <span class='ocrx_word' id='word_1_79' title='bbox 507 1528 622 1624; x_wconf 84' lang='lat' dir='ltr'>jurasti</span> <span class='ocrx_word' id='word_1_80' title='bbox 643 1554 703 1624; x_wconf 88' lang='lat' dir='ltr'>per</span> <span class='ocrx_word' id='word_1_81' title='bbox 724 1543 823 1598; x_wconf 88' lang='lat' dir='ltr'>temet</span> <span class='ocrx_word' id='word_1_82' title='bbox 845 1527 952 1623; x_wconf 89' lang='lat' dir='ltr'>ipsum</span> <span class='ocrx_word' id='word_1_83' title='bbox 976 1529 1104 1602; x_wconf 74' lang='lat' dir='ltr'>dicense</span> <span class='ocrx_word' id='word_1_84' title='bbox 1148 1533 1274 1602; x_wconf 43' lang='lat' dir='ltr'>ttlutei„</span> 
     </span>
     <span class='ocr_line' id='line_1_12' title="bbox 256 1639 1260 1740; baseline 0.003 -28"><span class='ocrx_word' id='word_1_85' title='bbox 256 1644 387 1740; x_wconf 87' lang='lat' dir='ltr'>plicabo</span> <span class='ocrx_word' id='word_1_86' title='bbox 419 1668 532 1714; x_wconf 90' lang='lat' dir='ltr'>semen</span> <span class='ocrx_word' id='word_1_87' title='bbox 561 1657 651 1710; x_wconf 90' lang='lat' dir='ltr'>tuum</span> <span class='ocrx_word' id='word_1_88' title='bbox 675 1639 758 1710; x_wconf 88' lang='lat' dir='ltr'>sicut</span> <span class='ocrx_word' id='word_1_89' title='bbox 780 1640 891 1710; x_wconf 87' lang='lat' dir='ltr'>stellas</span> <span class='ocrx_word' id='word_1_90' title='bbox 915 1642 997 1710; x_wconf 88' lang='lat' dir='ltr'>caeli</span> <span class='ocrx_word' id='word_1_91' title='bbox 1020 1659 1052 1712; x_wconf 92' lang='lat' dir='ltr'>et</span> <span class='ocrx_word' id='word_1_92' title='bbox 1074 1643 1260 1714; x_wconf 86' lang='lat' dir='ltr'>nniversam</span> 
     </span>
     <span class='ocr_line' id='line_1_13' title="bbox 257 1751 1258 1853; baseline 0.001 -27"><span class='ocrx_word' id='word_1_93' title='bbox 257 1773 376 1827; x_wconf 81' lang='lat' dir='ltr'>terram</span> <span class='ocrx_word' id='word_1_94' title='bbox 399 1755 485 1824; x_wconf 83' lang='lat' dir='ltr'>hanc</span> <span class='ocrx_word' id='word_1_95' title='bbox 509 1753 550 1822; x_wconf 85' lang='lat' dir='ltr'>de</span> <span class='ocrx_word' id='word_1_96' title='bbox 574 1778 638 1848; x_wconf 85' lang='lat' dir='ltr'>qua</span> <span class='ocrx_word' id='word_1_97' title='bbox 660 1751 788 1853; x_wconf 80' lang='lat' dir='ltr'>locutus</span> <span class='ocrx_word' id='word_1_98' title='bbox 812 1778 885 1821; x_wconf 91' lang='lat' dir='ltr'>sum</span> <span class='ocrx_word' id='word_1_99' title='bbox 909 1752 994 1822; x_wconf 87' lang='lat' dir='ltr'>dabo</span> <span class='ocrx_word' id='word_1_100' title='bbox 1017 1755 1130 1824; x_wconf 89' lang='lat' dir='ltr'>semini</span> <span class='ocrx_word' id='word_1_101' title='bbox 1145 1773 1258 1828; x_wconf 84' lang='lat' dir='ltr'>vestro</span> 
     </span>
     <span class='ocr_line' id='line_1_14' title="bbox 260 1863 1260 1963; baseline -0.001 -24"><span class='ocrx_word' id='word_1_102' title='bbox 260 1880 293 1939; x_wconf 87' lang='lat' dir='ltr'>et</span> <span class='ocrx_word' id='word_1_103' title='bbox 314 1865 524 1963; x_wconf 89' lang='lat' dir='ltr'>possidebitis</span> <span class='ocrx_word' id='word_1_104' title='bbox 549 1890 621 1934; x_wconf 87' lang='lat' dir='ltr'>eam</span> <span class='ocrx_word' id='word_1_105' title='bbox 649 1890 789 1960; x_wconf 82' lang='lat' dir='ltr'>semper.</span> <span class='ocrx_word' id='word_1_106' title='bbox 833 1863 1053 1962; x_wconf 75' lang='lat' dir='ltr'>placatusque</span> <span class='ocrx_word' id='word_1_107' title='bbox 1083 1884 1133 1937; x_wconf 83' lang='lat' dir='ltr'>est</span> <span class='ocrx_word' id='word_1_108' title='bbox 1155 1869 1260 1938; x_wconf 92' lang='lat' dir='ltr'>domi·</span> 
     </span>
     <span class='ocr_line' id='line_1_15' title="bbox 257 1975 1259 2076; baseline 0.004 -29"><span class='ocrx_word' id='word_1_109' title='bbox 257 2003 332 2062; x_wconf 88' lang='lat' dir='ltr'>nus,</span> <span class='ocrx_word' id='word_1_110' title='bbox 354 2003 395 2047; x_wconf 90' lang='lat' dir='ltr'>ne</span> <span class='ocrx_word' id='word_1_111' title='bbox 414 1976 536 2048; x_wconf 84' lang='lat' dir='ltr'>laceret</span> <span class='ocrx_word' id='word_1_112' title='bbox 553 1975 675 2047; x_wconf 87' lang='lat' dir='ltr'>malum</span> <span class='ocrx_word' id='word_1_113' title='bbox 700 1977 788 2070; x_wconf 89' lang='lat' dir='ltr'>qnod</span> <span class='ocrx_word' id='word_1_114' title='bbox 807 1976 936 2069; x_wconf 79' lang='lat' dir='ltr'>locutus</span> <span class='ocrx_word' id='word_1_115' title='bbox 953 1976 1093 2051; x_wconf 82' lang='lat' dir='ltr'>luerat.“</span> <span class='ocrx_word' id='word_1_116' title='bbox 1126 1980 1174 2049; x_wconf 88' lang='lat' dir='ltr'>Ex</span> <span class='ocrx_word' id='word_1_117' title='bbox 1193 2009 1259 2076; x_wconf 92' lang='lat' dir='ltr'>quo</span> 
     </span>
     <span class='ocr_line' id='line_1_16' title="bbox 255 2089 1259 2186; baseline 0.003 -27"><span class='ocrx_word' id='word_1_118' title='bbox 255 2089 377 2186; x_wconf 81' lang='lat' dir='ltr'>liquide</span> <span class='ocrx_word' id='word_1_119' title='bbox 401 2089 571 2182; x_wconf 82' lang='lat' dir='ltr'>colligitur,</span> <span class='ocrx_word' id='word_1_120' title='bbox 594 2114 692 2185; x_wconf 88' lang='lat' dir='ltr'>quam</span> <span class='ocrx_word' id='word_1_121' title='bbox 716 2105 850 2184; x_wconf 86' lang='lat' dir='ltr'>accepta</span> <span class='ocrx_word' id='word_1_122' title='bbox 873 2090 936 2160; x_wconf 92' lang='lat' dir='ltr'>deo</span> <span class='ocrx_word' id='word_1_123' title='bbox 958 2091 1077 2160; x_wconf 83' lang='lat' dir='ltr'>fuerint</span> <span class='ocrx_word' id='word_1_124' title='bbox 1098 2091 1151 2160; x_wconf 87' lang='lat' dir='ltr'>illa</span> <span class='ocrx_word' id='word_1_125' title='bbox 1174 2093 1259 2186; x_wconf 86' lang='lat' dir='ltr'>prio-</span> 
     </span>
    </p>
   </div>
   <div class='ocr_carea' id='block_1_5' title="bbox 1396 1079 1400 2334">
    <p class='ocr_par' dir='ltr' id='par_1_5' title="bbox 1396 1079 1400 2334">
     <span class='ocr_line' id='line_1_17' title="bbox 1396 1079 1400 2334; baseline 0 0"><span class='ocrx_word' id='word_1_126' title='bbox 1396 1079 1400 2334; x_wconf 95' lang='lat' dir='ltr'> </span> 
     </span>
    </p>
   </div>
   <div class='ocr_carea' id='block_1_6' title="bbox 228 2193 1380 2297">
    <p class='ocr_par' dir='ltr' id='par_1_6' title="bbox 228 2193 1380 2297">
     <span class='ocr_line' id='line_1_18' title="bbox 228 2193 1380 2297; baseline 0 -26"><span class='ocrx_word' id='word_1_127' title='bbox 228 2228 229 2232; x_wconf 49' lang='lat'><em>*</em></span> <span class='ocrx_word' id='word_1_128' title='bbox 256 2219 479 2297; x_wconf 84' lang='lat' dir='ltr'>compatrum</span> <span class='ocrx_word' id='word_1_129' title='bbox 503 2202 662 2297; x_wconf 84' lang='lat' dir='ltr'>obsequia</span> <span class='ocrx_word' id='word_1_130' title='bbox 683 2201 830 2294; x_wconf 83' lang='lat' dir='ltr'>gratuita,</span> <span class='ocrx_word' id='word_1_131' title='bbox 857 2193 1006 2297; x_wconf 86' lang='lat' dir='ltr'>adquae</span> <span class='ocrx_word' id='word_1_132' title='bbox 1030 2205 1177 2272; x_wconf 90' lang='lat' dir='ltr'>noudum</span> <span class='ocrx_word' id='word_1_133' title='bbox 1201 2219 1270 2276; x_wconf 79' lang='lat' dir='ltr'>eos</span> <span class='ocrx_word' id='word_1_134' title='bbox 1376 2268 1380 2271; x_wconf 83' lang='lat'><em>.</em></span> 
     </span>
    </p>
   </div>
   <div class='ocr_carea' id='block_1_7' title="bbox 256 2313 1261 2526">
    <p class='ocr_par' dir='ltr' id='par_1_7' title="bbox 256 2313 1261 2526">
     <span class='ocr_line' id='line_1_19' title="bbox 257 2313 1261 2409; baseline 0.002 -25"><span class='ocrx_word' id='word_1_135' title='bbox 257 2314 366 2408; x_wconf 84' lang='lat' dir='ltr'>aliqua</span> <span class='ocrx_word' id='word_1_136' title='bbox 388 2313 440 2382; x_wconf 85' lang='lat' dir='ltr'>lex</span> <span class='ocrx_word' id='word_1_137' title='bbox 467 2313 726 2406; x_wconf 86' lang='lat' dir='ltr'>constringebat,</span> <span class='ocrx_word' id='word_1_138' title='bbox 748 2313 791 2381; x_wconf 60' lang='lat' dir='ltr'>&#39;in</span> <span class='ocrx_word' id='word_1_139' title='bbox 814 2339 878 2409; x_wconf 85' lang='lat' dir='ltr'>qua</span> <span class='ocrx_word' id='word_1_140' title='bbox 901 2341 962 2385; x_wconf 91' lang='lat' dir='ltr'>uos</span> <span class='ocrx_word' id='word_1_141' title='bbox 984 2315 1091 2385; x_wconf 86' lang='lat' dir='ltr'>adhuc</span> <span class='ocrx_word' id='word_1_142' title='bbox 1115 2317 1144 2386; x_wconf 92' lang='lat' dir='ltr'>ei</span> <span class='ocrx_word' id='word_1_143' title='bbox 1166 2317 1261 2388; x_wconf 83' lang='lat' dir='ltr'>libcr-</span> 
     </span>
     <span class='ocr_line' id='line_1_20' title="bbox 256 2423 1259 2526; baseline 0.006 -32"><span class='ocrx_word' id='word_1_144' title='bbox 256 2440 323 2494; x_wconf 83' lang='lat' dir='ltr'>tate</span> <span class='ocrx_word' id='word_1_145' title='bbox 348 2423 557 2508; x_wconf 79' lang='lat' dir='ltr'>deservimus.</span> <span class='ocrx_word' id='word_1_146' title='bbox 604 2423 707 2515; x_wconf 81' lang='lat' dir='ltr'>Quod</span> <span class='ocrx_word' id='word_1_147' title='bbox 736 2425 764 2495; x_wconf 91' lang='lat' dir='ltr'>si</span> <span class='ocrx_word' id='word_1_148' title='bbox 789 2425 824 2493; x_wconf 92' lang='lat' dir='ltr'>in</span> <span class='ocrx_word' id='word_1_149' title='bbox 847 2427 1014 2496; x_wconf 87' lang='lat' dir='ltr'>Abraham</span> <span class='ocrx_word' id='word_1_150' title='bbox 1044 2428 1149 2521; x_wconf 82' lang='lat' dir='ltr'>legem</span> <span class='ocrx_word' id='word_1_151' title='bbox 1176 2457 1259 2526; x_wconf 86' lang='lat' dir='ltr'>quo-</span> 
     </span>
    </p>
   </div>
   <div class='ocr_carea' id='block_1_8' title="bbox 105 2527 1260 2632">
    <p class='ocr_par' dir='ltr' id='par_1_8' title="bbox 105 2527 1260 2632">
     <span class='ocr_line' id='line_1_21' title="bbox 105 2527 1260 2632; baseline 0.01 -30"><span class='ocrx_word' id='word_1_152' title='bbox 105 2527 108 2538; x_wconf 57' lang='grc'><em>’</em></span> <span class='ocrx_word' id='word_1_153' title='bbox 175 2587 179 2596; x_wconf 64' lang='grc'><strong>«</strong></span> <span class='ocrx_word' id='word_1_154' title='bbox 257 2535 434 2606; x_wconf 90' lang='lat' dir='ltr'>dammodo</span> <span class='ocrx_word' id='word_1_155' title='bbox 459 2536 547 2606; x_wconf 85' lang='lat' dir='ltr'>dicas</span> <span class='ocrx_word' id='word_1_156' title='bbox 568 2536 740 2632; x_wconf 82' lang='lat' dir='ltr'>incepisse,</span> <span class='ocrx_word' id='word_1_157' title='bbox 765 2555 899 2632; x_wconf 86' lang='lat' dir='ltr'>propter</span> <span class='ocrx_word' id='word_1_158' title='bbox 921 2539 1173 2610; x_wconf 87' lang='lat' dir='ltr'>circumcisionis</span> <span class='ocrx_word' id='word_1_159' title='bbox 1197 2544 1260 2612; x_wconf 88' lang='lat' dir='ltr'>sci-</span> 
     </span>
    </p>
   </div>
   <div class='ocr_carea' id='block_1_9' title="bbox 205 2647 1366 3750">
    <p class='ocr_par' dir='ltr' id='par_1_9' title="bbox 205 2647 1366 3750">
     <span class='ocr_line' id='line_1_22' title="bbox 256 2647 1260 2748; baseline 0.008 -32"><span class='ocrx_word' id='word_1_160' title='bbox 256 2648 333 2718; x_wconf 88' lang='lat' dir='ltr'>licet</span> <span class='ocrx_word' id='word_1_161' title='bbox 356 2664 615 2733; x_wconf 79' lang='lat' dir='ltr'>sacramentum,</span> <span class='ocrx_word' id='word_1_162' title='bbox 639 2647 761 2718; x_wconf 89' lang='lat' dir='ltr'>nullam</span> <span class='ocrx_word' id='word_1_163' title='bbox 783 2649 932 2744; x_wconf 84' lang='lat' dir='ltr'>prolecto</span> <span class='ocrx_word' id='word_1_164' title='bbox 954 2653 1098 2748; x_wconf 87' lang='lat' dir='ltr'>reperies</span> <span class='ocrx_word' id='word_1_165' title='bbox 1123 2681 1198 2724; x_wconf 89' lang='lat' dir='ltr'>eum</span> <span class='ocrx_word' id='word_1_166' title='bbox 1222 2681 1260 2724; x_wconf 83' lang='lat' dir='ltr'>ex</span> 
     </span>
     <span class='ocr_line' id='line_1_23' title="bbox 205 2750 1292 2862; baseline 0.008 -35"><span class='ocrx_word' id='word_1_167' title='bbox 205 2750 216 2808; x_wconf 52' lang='lat' dir='ltr'>i</span> <span class='ocrx_word' id='word_1_168' title='bbox 257 2759 322 2830; x_wconf 89' lang='lat' dir='ltr'>hoc</span> <span class='ocrx_word' id='word_1_169' title='bbox 341 2760 646 2830; x_wconf 86' lang='lat' dir='ltr'>remunerationem.</span> <span class='ocrx_word' id='word_1_170' title='bbox 660 2762 748 2857; x_wconf 83' lang='lat' dir='ltr'>apud</span> <span class='ocrx_word' id='word_1_171' title='bbox 764 2760 872 2831; x_wconf 89' lang='lat' dir='ltr'>Deum</span> <span class='ocrx_word' id='word_1_172' title='bbox 894 2764 1049 2848; x_wconf 88' lang='lat' dir='ltr'>obtinere,</span> <span class='ocrx_word' id='word_1_173' title='bbox 1073 2792 1113 2835; x_wconf 91' lang='lat' dir='ltr'>ne</span> <span class='ocrx_word' id='word_1_174' title='bbox 1135 2767 1260 2862; x_wconf 84' lang='lat' dir='ltr'>quasit</span> <span class='ocrx_word' id='word_1_175' title='bbox 1291 2771 1292 2774; x_wconf 66' lang='grc'>’</span> 
     </span>
     <span class='ocr_line' id='line_1_24' title="bbox 242 2870 1259 2971; baseline 0.006 -31"><span class='ocrx_word' id='word_1_176' title='bbox 242 2870 418 2941; x_wconf 65' lang='lat' dir='ltr'>‘vobiscx</span> <span class='ocrx_word' id='word_1_177' title='bbox 440 2871 520 2966; x_wconf 82' lang='lat' dir='ltr'>lege</span> <span class='ocrx_word' id='word_1_178' title='bbox 550 2871 714 2965; x_wconf 80' lang='lat' dir='ltr'>gloriatio,</span> <span class='ocrx_word' id='word_1_179' title='bbox 742 2899 804 2961; x_wconf 82' lang='lat' dir='ltr'>nec</span> <span class='ocrx_word' id='word_1_180' title='bbox 826 2875 999 2971; x_wconf 89' lang='lat' dir='ltr'>quicquam</span> <span class='ocrx_word' id='word_1_181' title='bbox 1021 2878 1259 2970; x_wconf 86' lang='lat' dir='ltr'>justificationis</span> 
     </span>
     <span class='ocr_line' id='line_1_25' title="bbox 256 2979 1366 3082; baseline 0.006 -28"><span class='ocrx_word' id='word_1_182' title='bbox 256 2983 412 3078; x_wconf 86' lang='lat' dir='ltr'>adeptum</span> <span class='ocrx_word' id='word_1_183' title='bbox 436 3009 519 3055; x_wconf 86' lang='lat' dir='ltr'>esse.</span> <span class='ocrx_word' id='word_1_184' title='bbox 564 2983 869 3082; x_wconf 71' lang='lat' dir='ltr'>Scriptum&#39;quippe</span> <span class='ocrx_word' id='word_1_185' title='bbox 894 3003 959 3072; x_wconf 86' lang='lat' dir='ltr'>est,</span> <span class='ocrx_word' id='word_1_186' title='bbox 981 2987 1089 3082; x_wconf 89' lang='lat' dir='ltr'>ipsum</span> <span class='ocrx_word' id='word_1_187' title='bbox 1111 2991 1259 3060; x_wconf 89' lang='lat' dir='ltr'>nondum</span> <span class='ocrx_word' id='word_1_188' title='bbox 1364 2979 1366 2982; x_wconf 12' lang='lat' dir='ltr'>V</span> 
     </span>
     <span class='ocr_line' id='line_1_26' title="bbox 257 3095 1259 3194; baseline 0.005 -29"><span class='ocrx_word' id='word_1_189' title='bbox 257 3095 482 3167; x_wconf 87' lang='lat' dir='ltr'>circumcisum</span> <span class='ocrx_word' id='word_1_190' title='bbox 503 3123 564 3191; x_wconf 91' lang='lat' dir='ltr'>per</span> <span class='ocrx_word' id='word_1_191' title='bbox 585 3097 684 3168; x_wconf 87' lang='lat' dir='ltr'>fidem</span> <span class='ocrx_word' id='word_1_192' title='bbox 706 3097 790 3168; x_wconf 88' lang='lat' dir='ltr'>sicut</span> <span class='ocrx_word' id='word_1_193' title='bbox 810 3101 936 3194; x_wconf 87' lang='lat' dir='ltr'>priores</span> <span class='ocrx_word' id='word_1_194' title='bbox 958 3116 1067 3194; x_wconf 84' lang='lat' dir='ltr'>patres</span> <span class='ocrx_word' id='word_1_195' title='bbox 1082 3101 1259 3194; x_wconf 85' lang='lat' dir='ltr'>justificari,</span> 
     </span>
     <span class='ocr_line' id='line_1_27' title="bbox 257 3206 1261 3307; baseline 0.009 -31"><span class='ocrx_word' id='word_1_196' title='bbox 257 3233 330 3278; x_wconf 89' lang='lat' dir='ltr'>cum</span> <span class='ocrx_word' id='word_1_197' title='bbox 356 3207 495 3280; x_wconf 72' lang='lat' dir='ltr'>dicitnre</span> <span class='ocrx_word' id='word_1_198' title='bbox 520 3206 668 3280; x_wconf 88' lang='lat' dir='ltr'>Credidit</span> <span class='ocrx_word' id='word_1_199' title='bbox 684 3210 852 3280; x_wconf 78' lang='lat' dir='ltr'>Abraham</span> <span class='ocrx_word' id='word_1_200' title='bbox 870 3212 933 3282; x_wconf 86' lang='lat' dir='ltr'>deo</span> <span class='ocrx_word' id='word_1_201' title='bbox 957 3228 990 3280; x_wconf 93' lang='lat' dir='ltr'>et</span> <span class='ocrx_word' id='word_1_202' title='bbox 1005 3216 1192 3307; x_wconf 71' lang='lat' dir='ltr'>&#39;reputatum</span> <span class='ocrx_word' id='word_1_203' title='bbox 1207 3217 1261 3284; x_wconf 68' lang='lat' dir='ltr'>⁴es&#39;t</span> 
     </span>
     <span class='ocr_line' id='line_1_28' title="bbox 254 3318 1267 3420; baseline 0.008 -34"><span class='ocrx_word' id='word_1_204' title='bbox 254 3318 300 3387; x_wconf 89' lang='lat' dir='ltr'>illi</span> <span class='ocrx_word' id='word_1_205' title='bbox 323 3319 365 3388; x_wconf 85' lang='lat' dir='ltr'>ad</span> <span class='ocrx_word' id='word_1_206' title='bbox 387 3320 541 3412; x_wconf 84' lang='lat' dir='ltr'>justitiam</span> <span class='ocrx_word' id='word_1_207' title='bbox 558 3325 600 3414; x_wconf 80' lang='lat'>2).</span> <span class='ocrx_word' id='word_1_208' title='bbox 624 3319 727 3416; x_wconf 87' lang='lat' dir='ltr'>Cujus</span> <span class='ocrx_word' id='word_1_209' title='bbox 752 3323 848 3392; x_wconf 87' lang='lat' dir='ltr'>etiam</span> <span class='ocrx_word' id='word_1_210' title='bbox 870 3323 985 3417; x_wconf 82' lang='lat' dir='ltr'>religio</span> <span class='ocrx_word' id='word_1_211' title='bbox 1005 3341 1101 3393; x_wconf 83' lang='lat' dir='ltr'>antea</span> <span class='ocrx_word' id='word_1_212' title='bbox 1121 3326 1267 3420; x_wconf 83' lang='lat' dir='ltr'>promis·-</span> 
     </span>
     <span class='ocr_line' id='line_1_29' title="bbox 256 3431 1258 3529; baseline 0.005 -30"><span class='ocrx_word' id='word_1_213' title='bbox 256 3431 384 3500; x_wconf 90' lang='lat' dir='ltr'>sionem</span> <span class='ocrx_word' id='word_1_214' title='bbox 421 3446 526 3520; x_wconf 78' lang='lat' dir='ltr'>terme</span> <span class='ocrx_word' id='word_1_215' title='bbox 559 3432 610 3504; x_wconf 87' lang='lat' dir='ltr'>vel</span> <span class='ocrx_word' id='word_1_216' title='bbox 640 3433 915 3529; x_wconf 81' lang='lat' dir='ltr'>multiplicationis</span> <span class='ocrx_word' id='word_1_217' title='bbox 944 3437 1071 3505; x_wconf 79' lang='lat' dir='ltr'>futurae</span> <span class='ocrx_word' id='word_1_218' title='bbox 1100 3451 1166 3505; x_wconf 87' lang='lat' dir='ltr'>tam</span> <span class='ocrx_word' id='word_1_219' title='bbox 1198 3437 1258 3506; x_wconf 82' lang='lat' dir='ltr'>sibi</span> 
     </span>
     <span class='ocr_line' id='line_1_30' title="bbox 257 3543 1258 3642; baseline 0.006 -31"><span class='ocrx_word' id='word_1_220' title='bbox 257 3567 356 3636; x_wconf 87' lang='lat' dir='ltr'>quam</span> <span class='ocrx_word' id='word_1_221' title='bbox 379 3543 495 3614; x_wconf 88' lang='lat' dir='ltr'>semini</span> <span class='ocrx_word' id='word_1_222' title='bbox 518 3570 581 3617; x_wconf 90' lang='lat' dir='ltr'>suo</span> <span class='ocrx_word' id='word_1_223' title='bbox 603 3561 801 3641; x_wconf 78' lang='lat' dir='ltr'>susceperat</span> <span class='ocrx_word' id='word_1_224' title='bbox 840 3544 909 3636; x_wconf 81' lang='lat' dir='ltr'>Qui</span> <span class='ocrx_word' id='word_1_225' title='bbox 932 3563 965 3616; x_wconf 83' lang='lat' dir='ltr'>et</span> <span class='ocrx_word' id='word_1_226' title='bbox 985 3563 1103 3642; x_wconf 85' lang='lat' dir='ltr'>postea</span> <span class='ocrx_word' id='word_1_227' title='bbox 1120 3549 1258 3618; x_wconf 90' lang='lat' dir='ltr'>circum·</span> 
     </span>
     <span class='ocr_line' id='line_1_31' title="bbox 217 3655 1259 3750; baseline 0.007 -28"><span class='ocrx_word' id='word_1_228' title='bbox 217 3675 221 3680; x_wconf 89' lang='lat'>·</span> <span class='ocrx_word' id='word_1_229' title='bbox 256 3655 358 3740; x_wconf 91' lang='lat' dir='ltr'>cisus‚</span> <span class='ocrx_word' id='word_1_230' title='bbox 387 3681 461 3724; x_wconf 87' lang='lat' dir='ltr'>cum</span> <span class='ocrx_word' id='word_1_231' title='bbox 487 3657 578 3729; x_wconf 89' lang='lat' dir='ltr'>audit</span> <span class='ocrx_word' id='word_1_232' title='bbox 607 3657 683 3746; x_wconf 84' lang='lat' dir='ltr'>(tot</span> <span class='ocrx_word' id='word_1_233' title='bbox 707 3667 737 3739; x_wconf 78' lang='grc'>7.,</span> <span class='ocrx_word' id='word_1_234' title='bbox 760 3658 825 3750; x_wconf 87' lang='lat' dir='ltr'>R.)</span> <span class='ocrx_word' id='word_1_235' title='bbox 855 3658 1051 3746; x_wconf 83' lang='lat' dir='ltr'>adomiuo,</span> <span class='ocrx_word' id='word_1_236' title='bbox 1080 3659 1113 3730; x_wconf 90' lang='lat' dir='ltr'>in</span> <span class='ocrx_word' id='word_1_237' title='bbox 1142 3685 1178 3730; x_wconf 88' lang='lat' dir='ltr'>se</span> <span class='ocrx_word' id='word_1_238' title='bbox 1208 3658 1259 3730; x_wconf 87' lang='lat' dir='ltr'>vel</span> 
     </span>
    </p>
   </div>
   <div class='ocr_carea' id='block_1_10' title="bbox 271 3865 705 4079">
    <p class='ocr_par' dir='ltr' id='par_1_10' title="bbox 271 3865 705 4079">
     <span class='ocr_line' id='line_1_32' title="bbox 273 3865 705 3979; baseline -0.005 -19"><span class='ocrx_word' id='word_1_239' title='bbox 273 3901 308 3974; x_wconf 90' lang='lat'>1)</span> <span class='ocrx_word' id='word_1_240' title='bbox 326 3900 434 3959; x_wconf 72' lang='lat' dir='ltr'>exodus</span> <span class='ocrx_word' id='word_1_241' title='bbox 450 3899 568 3973; x_wconf 66' lang='lat' dir='ltr'>xxxo</span> <span class='ocrx_word' id='word_1_242' title='bbox 588 3905 629 3960; x_wconf 80' lang='lat' dir='ltr'>tn</span> <span class='ocrx_word' id='word_1_243' title='bbox 648 3865 705 3979; x_wconf 68' lang='lat' dir='ltr'>sqq]</span> 
     </span>
     <span class='ocr_line' id='line_1_33' title="bbox 271 4005 551 4079; baseline 0.004 -14"><span class='ocrx_word' id='word_1_244' title='bbox 271 4007 308 4079; x_wconf 74' lang='lat'>2)</span> <span class='ocrx_word' id='word_1_245' title='bbox 327 4005 423 4066; x_wconf 76' lang='lat' dir='ltr'>Gener.</span> <span class='ocrx_word' id='word_1_246' title='bbox 441 4005 509 4078; x_wconf 83' lang='lat' dir='ltr'>XV,</span> <span class='ocrx_word' id='word_1_247' title='bbox 526 4011 551 4066; x_wconf 88' lang='lat'>6.</span> 
     </span>
    </p>
   </div>
   <div class='ocr_carea' id='block_1_11' title="bbox 0 0 1404 4486">
    <p class='ocr_par' dir='ltr' id='par_1_11' title="bbox 0 0 1404 4486">
     <span class='ocr_line' id='line_1_34' title="bbox 0 0 1404 4486; baseline 0 1"><span class='ocrx_word' id='word_1_248' title='bbox 0 0 1404 4486; x_wconf 95' lang='lat' dir='ltr'> </span> 
     </span>
    </p>
   </div>
  </div>
 </body>
</html>
