2774 4486
482 145 498 158 g

517 185 839 260 ...n-..-

124 361 243 441 ribus,
265 383 410 448 quocum
425 360 612 426 auctoritati
631 361 755 448 aliquid
770 362 994 444 tribuebatur,
1013 368 1221 442 01110οὴ1110-

132 463 478 551 sensnsque-speciem
495 461 676 528 defendere
691 483 878 552 eorumque
899 467 1017 553 placita
1035 470 1078 536 ad
1098 470 1219 551 iustam

133 564 318 638 doctrinam
334 577 432 649 atque
445 565 657 629 concordiam
673 588 831 633 revocare
842 581 1052 635 canerentur
1064 575 1129 653 26),
1160 579 1218 649 vix

128 668 244 754 paucis
259 666 391 742 relictis,
413 666 453 730 de
468 665 585 748 quibus
600 667 679 750 quid
695 679 903 746 statueretur,
929 671 1084 739 ecclesiae
1099 699 1218 762 parum

130 766 281 834 interluit
297 769 398 845 (1173
409 769 444 834 C.
466 767 589 832 Bernh·
606 769 754 836 Classes.
775 792 877 838 serm.
894 774 912 834 5
927 771 978 836 -in
995 774 1088 840 Cant.
1106 777 1140 854 7)
1163 783 1217 847 vel

132 889 218 953 quae
233 869 332 934 nimis
348 895 365 934 a
382 871 540 955 plurium,
564 872 740 957 Augustini
759 872 962 961 praesertim,
984 897 1078 942 sensu
1094 879 1219 948 abhor-

131 980 246 1034 rerent
260 969 336 1051 (etr.
351 972 546 1059 Berengsrii
559 976 721 1062 apologet.
737 999 770 1062 p.
783 975 846 1040 tls
860 996 895 1060 sq
909 979 935 1054 ).
966 973 1094 1044 Eodem
1115 984 1217 1051 modo

130 1073 338 1140 Abselartlus
360 1075 465 1140 sicubi
491 1075 578 1162 apud
609 1075 755 1161 singulos
784 1075 909 1161 aliqui-d
937 1077 1217 1164 deprehendisset,

132 1176 220 1260 quod
241 1179 399 1240 nonsatis
421 1187 512 1241 recte
525 1177 648 1242 dictum
663 1178 882 1256 existimaret,
907 1179 941 1243 id
958 1193 1086 1248 tantum
1101 1185 1216 1270 abfuit,

132 1289 167 1343 ut
183 1277 265 1342 vitio
280 1277 319 1342 iis
335 1289 487 1357 verteret,
502 1289 537 1343 ut
551 1303 668 1344 eorum
682 1280 868 1346 auctoritati
883 1303 1088 1368 nequaquam
1103 1288 1217 1366 obesse

131 1391 308 1458 assereret,
330 1381 444 1466 quasis
467 1381 596 1446 ratione
615 1397 787 1448 excusaret
809 1394 841 1446 et
863 1404 938 1446 cum
954 1387 1123 1452 communi
1137 1389 1217 1459 fidei

130 1487 245 1568 regula
273 1483 457 1567 adaequare
484 1485 629 1548 studeret
655 1484 1138 1566 (1174A1-·--1175·B.-.-.-1010¹
1165 1515 1214 1579 sq.

42 1672 46 1676 ῃ
132 1588 215 1652 1286
227 1590 265 1654 D.
284 1589 364 1652 1291
375 1587 413 1652 E.
425 1607 473 1671 sq.
490 1585 613 1651 1321A
626 1625 664 1636 -
675 1587 804 1652 132213.
827 1586 931 1652 Serm.
947 1589 999 1651 2⁵.
1016 1611 1047 1676 p.
1064 1592 1131 1658 913
1143 1592 1215 1676 iu).

48 1679 50 1687 ¹
126 1689 266 1774 ‚Quanto
282 1691 389 1754 studio
412 1693 446 1752 iu
470 1687 532 1752 hoc
554 1688 625 1775 ipso
647 1690 779 1774 negotio
800 1700 976 1774 occupatus
997 1689 1115 1768 luerit,
1137 1718 1216 1782 per-

129 1795 243 1880 spicue
257 1795 351 1856 docet
365 1790 524 1880 praelatio
539 1789 640 1868 libro,
667 1793 723 1876 qui
743 1784 799 1856 Sile
814 1801 845 1854 et
857 1790 936 1854 Nou
953 1791 1052 1876 vulgo
1068 1809 1216 1876 vocatur,

30 1953 31 1956 ,
128 1897 318 1984 praemisse.
363 1892 459 1976 Quae
479 1892 567 1956 euim
591 1895 745 1960 Clemens
770 1892 876 1973 (Hiar.
893 1892 946 1959 lit.
967 1893 1048 1958 Xll.
1075 1894 1134 1960 131
1151 1902 1216 1982 sq.)

130 2021 172 2064 ex
193 2000 248 2063 illa
269 1999 447 2084 excerpsit,
470 1995 657 2060 testimonio
673 2006 767 2074 sunt,
791 1993 879 2058 hunc
901 1994 1023 2058 librum
1045 2003 1214 2068 sententiis

129 2113 258 2189 patrum
271 2097 508 2186 repugnantiae
519 2095 889 2183 suspicionelibersudis
898 2107 1003 2160 totum
1016 2099 1212 2169 destinatum

129 2200 242 2266 fuisse.
286 2203 348 2268 His
371 2204 470 2268 fidem
490 2202 587 2266 etiam
613 2198 690 2261 lacit
710 2196 881 2284 inscriptio
897 2197 982 2277 sius,
1005 2222 1103 2285 quam
1122 2217 1215 2270 retus

128 2305 233 2368 codex
243 2307 353 2372 meite
364 2305 477 2370 ellerts
492 2299 854 2368 seutentiaeexdirinis
865 2299 1036 2388 scripturis
1051 2305 1216 2387 collectae,

130 2425 213 2488 quae
228 2408 411 2473 contrariae
424 2407 580 2471 videntur
594 2415 654 2467 etc·
677 2401 853 2486 (Malitton
870 2411 967 2465 notae
981 2402 1022 2465 ad
1041 2403 1072 2466 S.
1088 2403 1215 2475 Bemlr.

130 2503 229 2570 Tom.
244 2508 269 2570 l.
288 2533 319 2595 p.
332 2507 509 2584 LXVIII).
551 2505 616 2570 Sed
631 2505 700 2569 sive
716 2502 884 2592 proposito
899 2525 965 2568 nou
981 2505 1119 2584 steterit,
1142 2509 1214 2575 sive

130 2606 216 2669 susis
237 2610 412 2688 exciderit,
441 2610 511 2674 sive
532 2629 630 2695 opus,
662 2605 942 2692 quemadmodum
969 2607 1035 2670 ulia
1057 2607 1215 2692 fortassis,

130 2727 199 2772 uon
215 2707 409 2781 absolverit,
430 2710 530 2798 ipsius
546 2709 623 2774 libri
637 2717 887 2793 argumentum,
909 2708 1025 2773 eodem
1042 2709 1213 2779 Clemente

129 2819 264 2874 auctore
278 2811 323 2898 (p.
341 2810 427 2892 132),
449 2822 619 2896 tantopere
634 2809 847 2897 praefationis
860 2811 1030 2896 promissis
1042 2827 1215 2899 repugnet,

22 2920 26 2924 ’
129 2922 164 2976 ut
179 2912 374 2999 scriptorem
388 2933 430 2976 an
444 2912 531 2976 inter
551 2923 659 2998 patres
675 2913 715 2974 de
730 2913 966 2998 principalibus
982 2934 1097 2977 rerum
1112 2913 1213 2980 chri-

128 3014 476 3100 stianarumcapitibus
491 3010 685 3076 conveniret
696 3011 807 3096 ipsum
823 3011 986 3076 dubitasse
1001 3015 1214 3097 suasqueds·

127 3117 298 3182 bitatioues
317 3139 392 3180 cum
408 3115 585 3180 lectoribus
600 3113 846 3177 communicare
861 3112 1002 3177 voluisse
1017 3111 1214 3198 censeam).

195 3268 458 3336 remansesunt
482 3267 644 3336 Cant.0pp.
695 3263 893 3320 ecclesiasticae
930 3266 1047 3320 rationes
1091 3265 1209 3322 demon-

128 3337 151 3392 1.
169 3355 195 3404 p.
216 3341 266 3390 tot!
284 3357 324 3406 sq.
358 3341 390 3391 ln
408 3339 562 3390 uuiversum
580 3353 645 3390 oon·
695 3338 815 3387 strandoe
836 3335 886 3387 sibi
910 3337 1002 3388 sumsit
1026 3339 1120 3398 (llsstis‘
1143 3339 1208 3392 bibl·
1283 3357 1285 3362 ·

128 3408 180 3465 sirli
199 3416 287 3474 potest
304 3411 414 3460 Gramen·
439 3407 543 3458 dissert.
562 3408 645 3458 treber
694 3403 822 3468 odmen).
845 3404 971 3458 Similiter
980 3405 1107 3460 iudicavit
1116 3417 1211 3464 auctor

11 3491 21 3497 ⁹
129 3477 316 3528 denZustsnd
334 3479 383 3528 der
400 3475 525 3527 Patristilt
543 3475 644 3528 eteius
694 3471 824 3540 prooemii
850 3474 966 3526 Marten.
997 3483 1023 3526 et
1047 3477 1116 3528 Dur.
1140 3477 1209 3534 thes.

130 3544 270 3598 12.lslrrh.
291 3545 376 3598 Forte.
394 3561 455 3597 zum
474 3546 533 3596 Bes.
556 3545 603 3595 Vl.
617 3561 643 3611 p.
693 3543 773 3594 Tom.
792 3543 817 3596 V
835 3542 984 3610 praemissi:
1004 3552 1045 3595 est
1057 3561 1140 3612 penes
1157 3563 1208 3600 nos

129 3616 178 3668 131
198 3631 258 3681 sqq.
694 3611 840 3666 Abaelarsli
871 3612 954 3674 liber,
988 3611 1017 3662 in
1046 3619 1100 3680 (11¹0
1128 3616 1209 3696 genio

197 3687 242 3745 27)
259 3683 319 3734 Hoc
336 3680 359 3732 si
376 3679 542 3749 propositum
559 3679 645 3732 habu·
694 3695 744 3732 suo
767 3680 908 3752 indulgens
930 3679 1019 3732 omnia
1042 3679 1208 3736 Christianae

127 3748 209 3815 isset,
232 3751 283 3803 iste
309 3750 377 3801 liber
403 3751 427 3802 ei
450 3751 644 3817 comper-andus
693 3748 832 3820 religionis
858 3749 985 3818 mysteria
1009 3749 1037 3800 iu
1067 3760 1209 3820 unamque

128 3828 214 3885 esset,
233 3834 287 3886 qno
300 3821 442 3886 Stephanus
456 3821 571 3871 Gobares
585 3833 645 3869 mo·
692 3827 795 3885 purtem
813 3828 904 3871 versat
924 3834 1023 3888 negans
1042 3821 1117 3887 quod
1136 3836 1211 3874 asss-

128 3889 331 3956 nophysiturum
369 3889 487 3954 partibus
524 3886 644 3938 addictus
692 3894 783 3938 meret
804 3895 832 3938 et
853 3899 975 3940 asserens
996 3891 1068 3955 quod
1089 3905 1210 3961 negave-

128 3963 238 4011 sseouto
261 3965 340 4012 sexto
364 3957 481 4011 incertas
506 3954 644 4010 doctrinae
693 3957 837 4024 mmm).
864 3956 1103 4025 Guiedstipulatur
1112 3961 1210 4014 desl·

921 4041 982 4105 2*
