2774 4486
529 154 849 248 ...la-

152 333 792 425 verborumpropugnatoremsogessit.
836 325 1237 418 Cuiusmodi-lireczruattr.

150 435 314 519 (dominus
341 436 524 501 orationem
555 434 771 520 dominicam)
799 457 906 514 „num
937 434 1075 502 dirersis
1095 456 1239 524 compe-5

150 538 281 616 „suerit
295 537 401 602 modis
416 549 448 602 et
464 537 499 602 in
512 557 549 602 ea
565 549 707 622 utroque
723 539 822 602 modo
838 538 1001 628 orandum
1019 539 1234 625 praeceperit,

148 641 566 727 „quomodopraeceptum
579 639 647 704 eius
664 640 883 727 implebimus,
901 640 929 704 si
945 641 1084 706 verbum
1100 641 1236 726 atiquott

147 742 367 821 „subtrahere
387 742 628 828 praesumimus
651 752 683 805 et
705 764 874 826 nunquam
898 765 1031 809 eamteo
1052 745 1233 828 modoque

145 845 281 931 „ipsam
304 845 403 916 dixit,
432 842 665 930 proteramus?
688 881 727 894 -
757 843 826 930 Ego
849 854 958 910 autem
972 845 1018 909 sic
1033 845 1088 908 illa
1103 847 1239 912 sicutet‘

145 968 318 1025 „sensum
342 959 498 1032 quantum
514 955 647 1029 putero,
670 943 829 1010 invariata
843 948 1014 1012 servabo“
1030 947 1076 1034 (p.
1090 948 1240 1032 asom),

145 1049 268 1124 Contra
288 1049 434 1112 Graecos
454 1058 562 1110 autem
581 1047 812 1132 symbolorum
828 1050 1036 1134 quorundam
1053 1050 1232 1126 auctorita·

142 1161 208 1214 tem
231 1174 271 1214 eo
294 1150 429 1214 nomine
452 1146 613 1219 defendit,
645 1149 733 1231 quod
758 1173 875 1217 eorum
901 1152 1009 1216 verbis
1029 1175 1097 1216 non
1119 1153 1238 1234 magia<

142 1273 243 1336 quam
267 1251 463 1340 evangelicis
486 1250 538 1314 vel
563 1249 686 1314 addere
708 1252 829 1334 aliquid
860 1253 912 1318 vel
935 1254 1130 1320 subtrahere
1152 1275 1239 1342 pete.

144 1353 279 1418 missum
302 1354 343 1417 sit
360 1356 427 1434 19);
458 1364 505 1427 et,
528 1351 553 1418 si
570 1352 604 1416 in
621 1352 711 1418 libris
725 1355 823 1421 suisa
840 1355 996 1428 eatbolica
1008 1355 1230 1441 ‚intelligentia

142 1455 396 1532 exorbitaverit,
417 1466 568 1544 paratum
583 1477 617 1517 ae
630 1454 707 1518 dicit
722 1458 762 1520 ad
777 1455 1043 1530 satisfactionem,
1062 1458 1230 1543 eum-quis

26 1545 35 1567 ’
142 1557 289 1622 fidelium
306 1558 356 1624 vel
370 1561 490 1623 virtute
506 1556 641 1621 rationis
652 1557 703 1620 vel
713 1558 908 1628 auctoritate
924 1558 1107 1646 scripturae
1121 1561 1228 1648 ipsum

141 1652 630 1744 correxe1·tt(1258‘A=974).
672 1659 721 1724 At
743 1659 837 1732 haec,
863 1681 945 1745 quae
959 1662 1074 1726 sedulo
1089 1665 1238 1749 eosqui-1

139 1761 287 1839 sivimus,
302 1761 440 1846 quisque
454 1761 555 1836 videt,
570 1773 634 1826 tem
651 1783 752 1849 pauca
767 1775 866 1846 etque
884 1763 926 1829 ita
943 1776 1134 1852 comparata
1149 1787 1228 1843 esse,

141 1874 177 1932 ut
199 1865 255 1927 vix
274 1863 417 1949 speciem
440 1863 510 1928 eius
529 1866 831 1950 reverentiaeprae
844 1886 878 1926 se
895 1862 1020 1937 lerant,
1042 1887 1126 1950 quae
1145 1867 1240 1944 scriv-

138 1977 256 2053 pturae
270 1967 445 2041 debeatur,
467 1966 587 2030 nedum
605 1964 803 2049 theologiam
819 1964 1059 2032 Abaelardesm
1079 1990 1120 2033 ex
1142 1967 1231 2040 illius

139 2069 333 2132 auctoritate
353 2067 499 2154 pendere
513 2067 741 2154 comprobent.
784 2069 858 2130 Imo
872 2088 977 2152 quum
998 2078 1029 2131 et
1043 2071 1148 2136 multa
1161 2069 1230 2142 alia

139 2181 171 2234 et
194 2181 297 2234 totum
323 2168 411 2233 Petri
440 2167 545 2233 nostri
570 2190 719 2247 aeneum,
755 2181 914 2254 quatenus
935 2168 978 2250 in
1002 2169 1129 2258 scriptis
1155 2173 1231 2252 eiua·

138 2272 408 2360 conspiciendum
424 2293 459 2335 se
472 2269 641 2357 praebuit,
661 2270 842 2357 diligenter
864 2272 1136 2358 respexerimus,
1148 2295 1225 2338 eum

137 2378 250 2438 aetatis
271 2395 349 2438 suae
369 2372 466 2458 genio
488 2394 563 2437 cum
588 2373 736 2438 maxime
751 2373 977 2458 indulgentem
997 2374 1227 2460 deprehende-¹

138 2499 222 2540 mus.
267 2475 436 2540 Nimirum
454 2473 533 2538 haec
549 2473 611 2540 tuit
624 2479 809 2540 communis
825 2475 913 2540 illius
929 2477 1049 2554 saeculi
1066 2475 1227 2563 theologis

138 2577 357 2652 consuetudo,
380 2591 415 2642 ut
430 2579 471 2642 de
486 2577 608 2643 eximia
621 2579 782 2643 librorum
798 2599 968 2644 sacrorum
986 2578 1107 2644 virtute
1122 2581 1225 2662 multa

138 2680 270 2766 quidem
288 2701 389 2764 eaque
401 2679 640 2766 sesquipedalia
649 2681 751 2745 verba
762 2679 970 2767 proiice-rent,
985 2701 1101 2744 eorum
1110 2682 1226 2764 'laudes

136 2780 317 2871 splendidis
345 2792 375 2843 et
404 2781 549 2865 mysticis
577 2783 686 2846 modis
715 2793 872 2846 canerent
901 2782 1140 2868 lectionemque
1162 2783 1225 2846 ad·

137 2885 274 2950 modum
291 2879 580 2956 commendarent,
603 2883 659 2946 sed
676 2905 695 2946 a
711 2905 791 2948 vero
807 2905 924 2948 eorum
941 2883 1108 2947 intellectu
1126 2894 1239 2968 atque.

138 2985 301 3072 frugifero
334 3005 396 3046 usu
432 2981 527 3065 longe
557 2983 703 3046 abessent
716 2988 774 3060 20).
827 2983 980 3066 Namque
1004 2983 1224 3070 paulatimiu

136 3111 250 3154 eorum
269 3088 376 3151 locum
391 3094 587 3149 successerat
600 3081 774 3152 auctoritas
791 3083 974 3148 traditionis
988 3083 1226 3170 doctrinaeque

134 3191 266 3280 publice
280 3200 440 3276 receptae,
454 3208 536 3271 quae
549 3195 663 3270 utpote
675 3186 835 3271 scriptura
845 3183 1008 3270 deidigitn
1023 3185 1057 3249 in
1068 3188 1223 3271 cordibus
1241 3273 1244 3278 Ι

135 3291 290 3357 ecclesiae
313 3290 435 3376 scripta
458 3287 503 3352 ita
523 3286 627 3353 divini
648 3287 770 3351 codicis
790 3285 946 3352 virtutem
968 3303 1160 3366 enervarat,
1187 3303 1247 3358 ut*

205 3441 248 3509 ta)
279 3443 336 3496 etr.
372 3447 438 3498 1330
472 3445 497 3495 D
518 3457 552 3490 =
574 3441 650 3495 1089.
703 3438 770 3492 1345
794 3440 850 3503 D);
876 3455 912 3492 ex
937 3440 999 3494 Ant.
1026 3444 1069 3508 17,
1093 3445 1128 3496 28
1151 3459 1246 3498 vern·

135 3516 210 3568 Haeo
229 3513 286 3580 ipsa
309 3529 376 3567 vern
397 3513 480 3582 magis
503 3507 653 3589 nipparene·
701 3525 813 3562 sonem:
831 3517 969 3576 poetarum
978 3513 1128 3580 exsculpsit
1138 3512 1222 3576 (1192
1245 3565 1248 3572 ,

134 3581 188 3636 ⁸⁰³⁶
216 3577 652 3703 rttmtrrtettttttt
703 3577 1038 3706 testinula
1055 3583 1248 3716 tutus,

134 3669 414 3792 silicinthiteregnlani
430 3718 559 3787 peccavit.
595 3717 652 3767 Ex·
703 3663 719 3717 g
754 3715 798 3780 20)
825 3714 880 3768 Ct'r.
902 3694 1013 3768 Cromen·
1038 3686 1144 3775 dissert:
1161 3683 1221 3772 voti

135 3791 215 3857 empti
241 3787 324 3860 gratia
354 3790 387 3841 ad
412 3787 532 3854 Sapient.
559 3787 610 3850 13,
634 3785 653 3840 9
704 3785 1217 3840 demGabraucbe‹terlieilSchriltetu

134 3858 250 3910 addidit:
277 3857 382 3910 ratione
405 3857 488 3924 (1104
513 3855 549 3908 tn.
579 3853 651 3920 quud
701 3853 906 3908 imru-tutulos
939 3855 1241 3911 sustentantem·

133 3927 384 4008 theologiaqnidem
396 3928 514 3978 nondum
529 3922 652 3977 exhibuit
702 3939 729 3990 p.
746 3923 888 3976 81-130.
931 3966 934 4002 ἱ
962 3993 963 4000 ¹
1158 3963 1165 3986 ¹.
