2798 4486
1016 245 1171 338 '19

164 428 320 504 domiuus
343 430 599 528 commendavit,
628 445 664 500 ut
693 429 815 500 diceret
834 438 885 520 ²)‘r
913 429 1004 527 quod
1031 457 1100 502 nou
1128 432 1171 504 sit

165 543 198 612 ei
220 542 336 612 similis
358 542 393 611 in
416 558 511 626 terra,
534 542 634 612 homo
658 543 793 638 simplex
816 558 848 612 et
869 559 977 613 rectus
997 566 1036 612 ac
1051 544 1170 614 timens

167 654 264 725 deum
296 654 514 728 et'recedeus
544 679 567 724 a
592 655 688 726 malo.
742 653 811 744 Qui
840 681 900 750 per
927 670 1030 748 semet
1063 655 1169 750 ipsum

158 777 262 848 ‘suam
283 767 377 835 nobis
402 792 568 860 exponens
591 754 763 858 justitiam,
793 791 890 862 quam
916 766 1092 850 imitemur,
1121 767 1169 836 ni·

164 877 212 948 hil
235 878 275 947 de
299 877 359 948 ittis
383 876 465 969 legis
495 879 647 973 operibus
677 895 925 962 commemorat,
956 879 1013 948 sed
1045 895 1168 948 tontum

164 989 248 1082 legis
278 989 433 1058 naturalis
465 1016 582 1085 opera,
612 1016 695 1088 quae
718 991 889 1086 uuicuique
912 991 986 1086 ipsa
1007 991 1090 1061 ratio
1113 1015 1170 1088 ua·

164 1102 277 1172 turalis
300 1103 485 1196 persuadet.
529 1101 793 1191 ,‚Siambulavi‚
819 1103 924 1197 inquit
945 1107 990 1192 ²),
1022 1104 1056 1172 in
1078 1103 1169 1172 vani-

164 1231 244 1298 tate,
265 1231 322 1282 aut
344 1213 507 1283 festinavit
528 1216 561 1283 in
585 1214 664 1284 dolo
686 1240 751 1308 pes·
771 1239 873 1298 mens,
897 1215 924 1283 si
946 1214 1063 1307 negavi
1081 1215 1170 1308 quod

163 1327 320 1400 volebant
334 1327 531 1422 pauperibus
556 1343 587 1396 et
606 1325 720 1396 oculos
740 1325 856 1396 viduae
873 1342 1059 1421 exspectare
1080 1321 1170 1395 fecie

166 1454 200 1508 et
223 1456 300 1523 cet,
330 1465 413 1534 quae
435 1439 517 1534 ipse
531 1439 626 1508 uobis
653 1438 829 1531 gentilibus*
850 1435 915 1506 tam
938 1438 1043 1508 veritis
1072 1463 1170 1534 quam

165 1549 321 1644 exemplis
345 1567 506 1646 tanquam·
524 1550 628 1643 legem
652 1549 798 1618 institnit.
838 1549 942 1638 Quod
965 1549 993 1618 si
1014 1549 1096 1620 haec
1118 1549 1171 1620 vel
1219 1599 1234 1610 -

165 1679 242 1732 ante
265 1662 371 1756 legem
395 1663 445 1732 vel
469 1663 566 1733 etium
588 1688 678 1730 nune
702 1661 861 1757 aliquibus
886 1661 927 1730 ad
941 1659 1085 1731 salutem
1103 1660 1170 1731 suf-

165 1775 287 1858 ficiam,
311 1776 388 1870 quid
411 1779 547 1875 neeesse
570 1775 630 1844 suit
651 1778 763 1868 jugum
786 1774 867 1867 legis
883 1774 1015 1851 addere,
1041 1791 1073 1843 et
1089 1773 1169 1842 mul·

167 1886 318 1980 tiplieatis
342 1888 524 1982 praeceptis
544 1887 819 1979 transgressiones
836 1889 978 1978 augere?
1002 1885 1068 1954 Uti
1084 1886 1171 1956 enim

168 2025 239 2070 uon
266 2015 316 2068 est
342 1999 409 2084 lex,
437 2025 500 2068 nec
527 2002 602 2091 ejus
620 1997 854 2092 praevaricatio
878 1997 1026 2066 accidere
1049 2012 1171 2090 potest.

100 2163 104 2166 η-
168 2097 348 2200 Quomodo
375 2111 572 2206 peculiarem
601 2107 760 2204 populum
788 2107 860 2200 iege
890 2108 967 2179 data
995 2109 1170 2194 constituit,

166 2239 200 2292 et
222 2248 288 2320 qpa
308 2224 434 2293 ratione
456 2223 557 2316 Israel
579 2222 686 2316 primo
712 2219 857 2314 genitum
886 2245 982 2288 suum
1011 2220 1197 2306 nominat„

163 2345 264 2430 'qoem
293 2352 383 2405 tanta
411 2331 636 2404 sarcina'siue
666 2341 767 2401 cuusa
798 2335 932 2425 gravat?
970 2333 1041 2428 quis
1071 2333 1170 2403 etiam

140 2472 225 2517 -ros
259 2471 285 2516 a⁴
307 2447 481 2516 maledieto
510 2445 591 2540 legis
621 2469 775 2514 excusare
808 2446 929 2537 possit,
963 2445 1018 2543 qui
1056 2447 1169 2515 vestris

166 2559 366 2652 exigentibus
388 2560 547 2653 peccatis,
570 2559 652 2628 sicut
674 2556 736 2651 ipsi
758 2557 953 2650 profitemini
977 2557 1047 2644 (fol.
1063 2569 1095 2634 9.
1112 2559 1170 2648 R.)

165 2687 286 2742 terram
314 2671 555 2766 promissionis·
573 2669 742 2752 amisistis,
776 2689 864 2738 extra
898 2689 998 2772 quam
1032 2671 1169 2766 implere

73 2772 77 2776 ⁵
165 2783 274 2876 legem
296 2783 480 2852 nullatenus
503 2781 633 2866 valetis,
662 2782 781 2876 quibus
807 2807 868 2850 nec
892 2797 1015 2850 vestras
1032 2783 1168 2877 permit·
1284 2853 1286 2858 ,

165 2895 249 2964 titur.
262 2895 459 2989 justitiarum
483 2921 628 2965 exercere
652 2895 821 2977 vindictas,
844 2919 903 2962 uec
933 2892 1008 2962 licet
1027 2894 1100 2987 ipsa
1117 2921 1169 2965 ce·
1269 2952 1272 2962 .

164 3007 291 3076 lebrare
314 3009 472 3076 sacrificia
493 3007 543 3078 vel
575 3007 758 3078 oblationes,
787 3004 830 3074 ad
858 3021 1072 3098 peccatorum
1094 3032 1170 3098 pur-

166 3119 332 3211 gationem
361 3120 544 3204 institutas,
573 3145 637 3188 neo
664 3119 737 3213 ipsa
768 3116 864 3186 etiam
893 3115 1073 3184 divinarum
1101 3117 1170 3186 lau·
1209 3193 1210 3196 Ἴ

166 3231 244 3300 dnm
260 3233 444 3326 persolvere
461 3233 597 3302 canticat
628 3229 731 3319 Quod
749 3228 879 3324 quidem
897 3243 928 3296 et
940 3219 1005 3296 'vos
1017 3229 1079 3323 ipsi
1095 3255 1170 3323 pro·

166 3343 318 3425 fitemini,
349 3343 509 3413 dicentes:
542 3341 746 3432 „Quomodo
776 3341 978 3408 cantabimus
1010 3341 1170 3409 canticum

166 3454 454 3526 domninum
478 3457 617 3530 aliena.“
636 3463 672 3542 ³)
714 3455 763 3522 Ex
785 3479 850 3548 quo
874 3469 940 3520 tarn
965 3478 1064 3545 opera
1087 3453 1169 3544 legis

166 3593 267 3663 quarn
293 3568 408 3651 verba,
445 3568 529 3637 sicut
558 3584 590 3636 et
619 3569 688 3660 ejus
716 3563 1013 3635 remunerationem
1039 3581 1171 3638 ¹constet

164 3679 332 3764 amisisse,
359 3707 420 3750 uec
443 3683 509 3775 jam
532 3704 593 3750 vos
615 3693 672 3748 ant
692 3703 810 3748 uxores
834 3693 959 3749 vestras
983 3674 1097 3745 hostiis
1119 3671 1170 3742 vei
1272 3769 1276 3777 x

169 3823 218 3944 ¹1)
237 3873 295 3930 ros.
314 3873 339 3943 1,
359 3843 411 3932 e'

182 3959 479 4052 2)'Job.'XXXl.‚16.
511 3993 513 3996 ·
557 3999 559 4003 v

167 4063 222 4130 a>
237 4059 280 4120 rs,
300 4060 468 4134 omre,
486 4065 511 4120 4.
562 4055 564 4062 ’
