2740 4486
241 323 246 330 ·
288 287 374 364 '100

282 455 439 544 publiea,
469 454 518 520 aie
546 455 591 520 ait
618 455 721 519 etiarn
737 436 959 520 ia'Eeuleaia.
997 455 1052 520 Sia
1070 456 1180 541 judex.
1199 459 1287 542 quia·

258 653 260 663 ‚
288 595 353 658 qua
373 571 532 635 diroretu'a
560 581 626 632 tam
655 565 814 632 secularia
842 587 938 649 quarn
967 568 1213 634 ecclesiasticus
1235 581 1286 634 to-

289 699 375 764 tum,
402 683 487 766 quod
511 680 611 759 iacit,
635 678 682 760 ad
704 679 907 744 communem
928 677 1104 746 utilitatem
1130 680 1286 765 reipubli-

289 798 356 862 eaa'
379 809 435 860 aut
461 798 565 858 etiam
598 790 776 876 parochiae
808 811 888 858 auae
920 791 1044 856 referre
1077 793 1187 862 debet.
1230 793 1286 858 Sia

288 932 417 996 quoque
441 927 643 972 communem
664 904 902 970 militataru'in
924 923 984 968 auo
1002 906 1129 989 judicio
1152 925 1285 970 conaer-

285 1038 354 1090 vat.
387 1022 483 1098 Quod
506 1023 592 1084 enim
614 1017 700 1082 hune
716 1019 765 1082 eie
781 1031 978 1097 remunerat,
999 1019 1092 1084 illum
1110 1023 1157 1084 rio
1180 1021 1283 1101 punit,

282 1138 370 1206 alior
401 1137 531 1200 divinae
547 1139 591 1213 ²⁸)
621 1134 728 1217 magia
759 1130 923 1196 obnoxios
952 1132 1071 1196 reddit.
1101 1131 1153 1196 ’δί
1174 1143 1285 1196 autern

283 1272 377 1316 suurn
399 1251 440 1314 ad
462 1247 659 1311 tribuentem
680 1245 859 1323 referatur,
891 1265 957 1310 nou
984 1246 1173 1329 adjectione
1201 1265 1284 1328 opus
1308 1275 1313 1285 ¹

282 1375 348 1430 eat.
390 1361 556 1426 Sic'euim
577 1359 670 1440 punit
692 1370 727 1420 et
747 1371 934 1424 remunerat
951 1355 1081 1442 judex}
1108 1371 1145 1422 ut
1166 1380 1202 1424 se
1225 1359 1283 1424 de·

282 1487 336 1542 oet
358 1485 391 1538 et
407 1472 499 1556 ¹quod
521 1471 652 1554 quidem
673 1468 738 1532 ribi
760 1468 877 1547 debet,
908 1484 944 1535 ut
957 1472 1053 1556 .quod
1071 1474 1201 1556 justitia
1223 1473 1281 1536 da·

281 1591 339 1655 bet
360 1608 455 1666 esse,
479 1581 655 1648 crudelitas
677 1579 732 1644 vel
754 1579 928 1645 dissolutio
951 1603 1018 1646 non
1039 1585 1099 1660 ait,
1124 1586 1210 1668 qaod
1227 1605 1280 1652 ea.

280 1715 349 1782 eet,
378 1699 435 1766 vel
457 1701 488 1764 ai
510 1719 575 1762 nou
597 1697 779 1760 remitteret
801 1715 845 1766 ex
865 1706 958 1776 purte
985 1694 1042 1762 vel
1069 1718 1113 1763 ex
1135 1713 1204 1766 toto
1225 1725 1278 1768 re.

279 1823 436 1888 mitteret.
478 1813 555 1880 Hoc
577 1815 677 1878 etiam
698 1812 762 1876 sibi
791 1810 889 1875 debet
918 1821 1066 1878 terrenus
1090 1815 1212 1896 judex,
1239 1829 1279 1880 ut

278 1932 355 2000 inde
383 1925 674 1996 commendabilior
701 1937 735 1988 et
762 1925 898 2006 majoris
927 1927 1130 1991 auctoritatis
1161 1929 1202 1992 ad
1226 1928 1278 1993 fa·-

279 2047 430 2116 eiendam
458 2045 623 2128 justitiam
655 2040 820 2106 reddatur.
879 2037 1039 2106 Similiter
1070 2045 1157 2125 quod
1183 2043 1278 2108 Deua

277 2163 364 2228 buno
391 2162 485 2245 punit
515 2162 622 2225 miuus
653 2179 747 2242 quam
777 2159 932 2222 meruerit
965 2158 1021 2224 vel
1048 2159 1141 2225 illum
1170 2183 1277 2227 rema.

277 2289 372 2346 neret
402 2277 510 2363 magia
543 2295 639 2358 quam
671 2275 823 2339 meritum
843 2274 982 2359 exigit,
1016 2293 1096 2340 auae
1121 2277 1276 2360 justitiae

277 2405 350 2476 eat,
383 2393 417 2457 id
449 2401 522 2469 est,
565 2387 607 2451 ad
636 2387 801 2471 justitiam
833 2387 885 2450 sui
917 2387 1085 2451 reddentia
1118 2392 1274 2470 pertinet.

275 2504 372 2574 Haeo
392 2505 481 2568 bona
502 2501 676 2577 velantur,
707 2500 784 2581 quia
813 2498 867 2562 vel
898 2498 1009 2583 aliquo
1038 2501 1155 2567 timore
1183 2527 1277 2570 mun-

149 2653 159 2680 ·
260 2621 362 2686 ¹dano
392 2617 448 2682 vel
466 2614 593 2698 ‘aliqua
614 2612 775 2676 mundiali
798 2612 978 2694 eupiditate
997 2616 1183 2696 praepediri
1203 2630 1277 2700 pot·

276 2745 327 2799 eat
349 2729 453 2808 adeo,
484 2727 722 2812 quodjurtitia
741 2727 778 2791 in
806 2725 917 2810 alique
946 2727 1164 2808 disrolvaun,
1196 2730 1275 2794 ideo

274 2843 402 2912 duobus
434 2843 530 2925 quasi
564 2839 714 2924 portibus
747 2852 781 2904 et
814 2841 1025 2907 firmamentis
1055 2843 1191 2928 indiget.
1236 2845 1276 2909 Si

274 2960 361 3023 enim
390 2954 510 3038 aliquis
530 2954 602 3033 isit,
636 2976 731 3038 quoru
754 2952 890 3020 debeam
912 2953 1075 3021 honorare
1105 2972 1137 3020 et
1158 2935 1199 3020 de
1218 2979 1276 3022 re·

272 3069 335 3138 bus
356 3071 440 3134 mels
462 3069 493 3130 ei
516 3065 614 3146 dara,
644 3043 721 3150 qbia
750 3069 884 3149 rapiens
914 3079 965 3133 est
994 3079 1027 3132 et
1052 3066 1128 3134 talia
1158 3073 1210 3134 oui
1228 3092 1277 3136 ex

271 3184 400 3270 justitia
422 3179 485 3246 boe
510 3178 669 3248 debeam:
702 3179 821 3264 aliquia
842 3202 922 3245 vero
946 3182 1055 3262 dicat,
1077 3204 1119 3247 ne
1140 3181 1204 3247 hee
1220 3184 1278 3248 fa·

218 3349 223 3358 .
273 3297 355 3375 elas,
376 3315 418 3360 ne
441 3315 516 3358 eum
540 3291 601 3357 tibi,
621 3293 802 3379 adjungar,
826 3297 901 3378 quia
922 3296 1010 3381 regia
1032 3297 1183 3360 inimicus
1206 3311 1276 3376 est,

276 3420 311 3472 et
329 3408 406 3472 ideo
429 3405 530 3470 facila
551 3407 640 3494 regie
661 3409 851 3473 iuimicitias
873 3409 1039 3474 incurres:
1068 3407 1138 3472 boa
1152 3408 1278 3474 timore

275 3520 425 3606 profecto
458 3517 499 3584 ab
537 3516 599 3582 bae
638 3541 744 3602 quam.
766 3520 818 3586 illi
851 3519 956 3584 debeo
981 3522 1113 3605 justitia
1146 3519 1280 3610 retrahi

271 3653 404 3715 porram
427 3643 460 3696 et
480 3643 547 3695 turu
568 3631 762 3696 fortitudine
783 3653 865 3715 opus
885 3646 948 3698 eat.
989 3634 1161 3698 Fortitudo
1182 3635 1279 3700 euim

273 3750 377 3810 virtus
403 3757 454 3808 ert
476 3753 591 3809 contra
614 3744 772 3823 adversa,
802 3768 884 3828 quae
907 3747 1008 3826 facit,
1037 3768 1078 3812 ue
1105 3748 1280 3832 justitiam

273 3864 389 3926 timore
411 3858 466 3924 vel
487 3860 597 3944 aliquo
620 3859 688 3924 tali.
704 3857 903 3926 deseramur.
937 3861 1097 3927 Similiter
1118 3885 1189 3926 euru
1211 3863 1280 3926 de-

273 3972 368 4039 beam
390 3971 591 4039 alicui-dare
612 3972 654 4038 de
675 3969 774 4071 rebus
796 3974 897 4053 meir,
923 3975 1010 4059 (luia¹
1027 3976 1099 4060 ipra
1127 3974 1278 4062 indiget,
