2740 4486
1075 265 1138 376 ¹⁶⁵

120 447 275 512 passum,
299 431 355 513 qni
377 441 474 496 noete
497 443 629 514 raptus,
651 431 693 496 ad
715 430 865 512 Annam,
888 433 931 498 ad
982 430 1126 517 siphum,

13 523 14 528 ι
120 542 164 606 ad
191 541 356 622 Pilatum,
394 543 436 612 nd
465 541 634 609 Herodem
664 543 799 623 duetus,
833 545 952 614 faciem
981 535 1125 630 tiletum

121 664 318 736 consputus,
339 653 484 741 ligatas,
505 651 715 741 flagellatus,
744 653 884 735 illusus,
906 660 1008 741 spinis
1032 659 1126 727 eoro-

96 779 232 846 netus,
275 789 417 850 purpura
451 767 605 848 indutus,
639 779 743 833 morte
772 771 960 852 turpissima
992 772 1124 840 tandem

107 881 355 982 ,condemnatus
390 891 424 944 et
452 901 544 945 oum
538 882 673 968 iniquis
704 893 756 946 est
776 894 965 966 reputatus,
1002 897 1036 951 et
1056 909 1123 954 non

116 993 258 1059 solum
247 1017 283 1057 ιιι
288 1007 422 1074 meme,
445 975 558 1094 verum
576 996 676 1057 etiam
687 997 910 1114 postmortem
923 1021 996 1098 eum
1012 1011 1121 1066 eusto-

116 1099 256 1186 dierunt,
288 1121 321 1172 et
324 1077 486 1172 samarii
489 1091 562 1190 οιιιιι
584 1085 650 1172 tem
672 1107 718 1171 in
729 1101 779 1188 se,
802 1089 909 1192 qnam
906 1091 953 1175 in
976 1110 1121 1180 aliisex·

29 1231 32 1238 ’
115 1225 283 1308 stinguere
306 1223 496 1304 oupiernnt.
543 1218 643 1295 Quod
666 1231 776 1284 antem
798 1224 916 1302 persio
946 1225 1013 1288 iste
1040 1247 1120 1308 pree

57 1328 61 1340 '
117 1337 258 1400 caeteris
282 1332 450 1398 diffieilior
471 1332 588 1412 fuerit‚'
605 1332 693 1396 idem
714 1354 773 1415 per
794 1329 1118 1402 Hieremiamtesta·

113 1461 176 1526 tur,
202 1448 313 1512 dicens
335 1449 402 1512 aiot
429 1445 458 1512 Ο
483 1467 542 1509 vos
556 1435 688 1525 omnes,¹
707 1447 761 1528 qui
785 1448 933 1512 transitis
949 1450 1118 1530 perviam,

114 1561 289 1640 attendite,
318 1562 347 1624 si
365 1572 419 1624 est
442 1558 538 1622 d'olor
560 1551 644 1622 sient
666 1553 885 1628 detorsione.
931 1559 1118 1649 Huio‘ergo

111 1676 258 1758 passioni
281 1667 398 1737 ennete
419 1675 599 1754 nmrtyrnm
624 1673 999 1756 tormenta-comparata
1021 1677 1117 1760 quasi

111 1786 205 1852 nulla
227 1771 302 1866 esse
325 1782 533 1860 videbuntur,
562 1795 595 1846 et
616 1784 691 1848 ideo
714 1805 779 1848 non
802 1797 912 1865 potest
935 1787 1116 1872 aliquisne

110 1900 322 1981 inpressione
353 1895 406 1960 illi
435 1896 662 1978 aequiparare.
708 1896 750 1959 Et
780 1895 842 1962 hoe
864 1908 969 1963 totum
989 1899 1116 1967 fontani

110 2022 259 2088 constat,
288 2021 325 2074 ut
354 2008 544 2073 ostenderet
577 2019 739 2090 quantam
762 2001 974 2079 dilectionem
995 2013 1031 2076 in
1053 2012 1113 2079 ho·

108 2125 196 2188 mino
219 2121 367 2199 haberet,
390 2134 426 2185 ut
449 2134 481 2186 et
503 2118 669 2186 hominem
691 2124 798 2210 magis
819 2124 860 2188 ed
886 2125 937 2188 sni
960 2123 1112 2196 dileetio-

108 2257 183 2302 nem
205 2233 412 2298 accenderet.
433 2241 436 2251 '
457 2230 587 2297 Undat·
606 2234 642 2296 in
675 2231 739 2298 hoo
761 2235 963 2321 cognossent
985 2257 1112 2320 omnes,

107 2353 183 2436 quia
205 2349 269 2414 mei
292 2349 372 2412 estis
396 2345 557 2428 discipuli,
581 2347 612 2410 si
635 2345 847 2413 dilectionem
864 2348 1044 2418 habueritis
1067 2353 1110 2420 nd

105 2466 257 2528 invicem.
303 2460 346 2523 Et
365 2455 565 2540 Apostolus:
594 2453 730 2542 utquid
753 2457 905 2538 Christus
913 2507 924 2541 ,
957 2484 1029 2528 omn
1049 2466 1109 2542 atl-¹

106 2575 168 2663 hno
195 2570 319 2639 infirmi
350 2591 515 2651 essemus,
548 2573 727 2638 seeundum
757 2584 883 2657 tempus
910 2596 970 2657 pro
997 2577 1108 2660 impiis

103 2700 250 2754 mortuus
279 2696 340 2751 est.
391 2683 434 2750 Et
462 2685 562 2752 alibi:
597 2689 646 2750 sio
669 2684 763 2751 Dans
793 2677 914 2752 dilexit
940 2688 1106 2770 mnndum,

102 2813 138 2866 nt
160 2799 267 2864 filium
286 2821 381 2864 sunm
403 2798 606 2885 unigenitum
630 2799 742 2866 daret·
783 2797 827 2864 Ut
850 2801 937 2866 enim
954 2799 1107 2867 Hilarius

104 2915 197 2980 dicit:
231 2913 336 2998 magis
372 2910 490 2984 dilexit
514 2910 679 2976 hominem
707 2931 813 2996 qnam
826 2925 952 2980 ceteras
975 2924 1129 2979 ornatu-2⁴

101 3048 168 3091 ras.
211 3026 308 3093 Unde
331 3037 364 3090 et
384 3027 519 3109 proptor
538 3019 612 3090 enm
634 3024 793 3094 mundum
809 3025 899 3106 fecit,
923 3037 957 3091 et
975 3016 1106 3110 omnia,
1203 3113 1209 3120 -

101 3161 187 3225 queo
221 3151 296 3205 sunt
329 3141 364 3204 in
386 3150 504 3204 ornatu
526 3131 638 3202 mundi
669 3149 704 3201 et
722 3159 797 3202 eum
820 3141 914 3221 qnasi
936 3137 1101 3206 dominnm
1184 3169 1186 3176 ·

98 3264 134 3319 et
154 3273 381 3336 possessorem
401 3254 437 3315 in
466 3251 574 3342 medio
607 3250 751 3332 Interit,
787 3253 882 3334 eique
903 3252 1099 3342 angelosin

96 3367 312 3432 ministerium
334 3359 513 3449 deputavit.
558 3363 625 3442 Qui
644 3387 720 3431 ‘oum
740 3375 892 3448 peccaret
924 3387 945 3430 a
965 3366 1103 3431 domino

95 3500 157 3544 sno
175 3500 251 3562 -ιιιιι
284 3491 453 3561 petentum
470 3489 662 3561 ¹separatus
685 3487 748 3541 est.
785 3476 894 3542 -Venit
927 3497 1008 3565 ergo
1030 3476 1097 3545 Dei

94 3589 204 3670 filius,
238 3603 273 3658 nt
300 3608 463 3678 congruos
484 3592 646 3656 mediator
669 3576 877 3655 hominema
896 3602 1031 3672 peceato
1046 3591 1096 3664 ·li·¹

94 3685 227 3769 iteraret
251 3713 308 3768 et·
332 3698 545 3768 dilectionem
583 3723 678 3767 surm
692 3697 738 3767 ¹ei
768 3703 970 3768 immitteret.
1016 3703 1100 3771 Hoo

93 3825 220 3880 autem
237 3814 316 3879 facit
355 3803 522 3879 hominem
548 3833 659 3898 ¹mrem
691 3815 853 3882 *aranmat
886 3817 972 3898 patri
1010 3819 1097 3885 offo.

90 3927 217 4009 tandm·-
236 3926 271 3994 io
292 3935 367 4007 ort,
388 3926 528 4010 pretinm
550 3946 609 4008 pro
634 3925 766 3994 homine
784 3923 1094 4026 ¹hominem'rlnmlo.

846 4043 889 4108 .5
