2740 4486
269 431 551 521 perspectorem)
567 432 926 523 gentibuedignataest
937 434 1100 502 revelare.
1130 407 1271 504 Primum

268 550 371 637 igitur
389 549 462 633 ipsa
483 546 569 635 legis
592 548 731 612 exordia
761 561 953 627 occurrunt,
982 547 1042 613 nbi
1064 547 1203 634 Moyses
1223 547 1271 614 le·

260 661 411 751 ,gistum
433 661 532 727 fidem
556 659 753 726 catholicam
776 661 817 724 de
838 656 965 726 nuitat'e
986 664 1110 744 puriter
1131 676 1165 728 et
1181 664 1272 728 trini·

271 786 340 840 tate
363 785 528 857 tamqnam
552 775 695 838 omnium
727 771 887 838 bonorum
910 773 1156 838 fundamentum
1180 785 1272 838 ante·

269 890 373 972 ponit.
420 886 503 951 Cum
526 887 611 950 enim
635 886 770 950 dicitnr:
793 888 829 949 iu
852 888 1009 969 principio
1033 890 1159 952 creavit
1180 887 1272 952 Deua

261 999 401 1066 =coelum
429 1012 462 1062 et
493 1010 635 1077 terram,
667 1019 726 1079 pro
756 1019 817 1077 eo,
854 999 940 1082 quod
963 998 1049 1080 apud
1071 1020 1132 1063 uos
1156 999 1274 1064 dicitnr

61 1150 62 1158 κ
162 1193 170 1212 Δ.
270 1109 376 1190 Deua,
400 1109 555 1178 hebraica
578 1111 700 1174 veritas
723 1109 821 1192 Eloy,
844 1109 931 1194 quod
953 1123 1005 1174 est
1025 1109 1153 1193 plurale
1176 1110 1274 1195 liujus

271 1225 449 1312 singularis
480 1201 715 1307 llel,·pouit,
750 1245 850 1306 qnare
883 1245 962 1310 ergo
992 1225 1200 1290 nondictum
1223 1236 1274 1290 est

273 1339 356 1419 Hel,
379 1338 465 1428 quod
488 1339 655 1417 estDens,
679 1337 738 1401 sed
754 1337 853 1421 Elny,
876 1339 961 1421 quod
978 1337 1035 1403 Dii
1054 1341 1126 1402 sive
1143 1340 1273 1424 judices

271 1455 545 1535 interpretantur,
576 1452 642 1514 uisi
671 1449 733 1514 hoc
763 1450 804 1515 ad
827 1449 1067 1515 multitudinem
1090 1453 1274 1518 divinarum

272 1585 484 1649 personarum
508 1565 793 1642 accomodantur,
825 1575 861 1627 ut
890 1564 1019 1628 scilicet
1042 1565 1200 1629 eomodo
1222 1567 1275 1630 in·

273 1680 458 1744 sinuaretur
479 1675 652 1758 pluralitas
674 1680 708 1740 iu
730 1675 816 1754 Deo,
848 1677 1009 1760 quomodo
1033 1688 1066 1740 et
1087 1679 1217 1742 trinitas
1240 1691 1277 1744 et

273 1779 519 1875 quodammodo
543 1789 715 1873 multiplex
737 1791 864 1854 dicatur
888 1788 998 1868 Deus,
1031 1791 1192 1873 quomodo
1217 1792 1275 1857 tri·

273 1925 347 1983 nus,
372 1922 438 1968 nou
460 1903 639 1967 secundnm
661 1903 865 1968 substantiae
881 1903 1117 1982 diversitatem,
1139 1905 1200 1968 sed
1221 1924 1278 1968 se-

274 2016 414 2083 cundum
435 2037 649 2098 personarum
669 2020 899 2099 proprietates.
944 2014 990 2080 Ut
1013 2015 1164 2097 tulerit,
1187 2017 1277 2102 qnod

274 2130 394 2196 dictum
416 2128 578 2214 estEloy,
602 2151 640 2194 ac
661 2133 691 2196 si
707 2132 881 2210 diceretur,
905 2151 972 2194 nou
993 2151 1047 2194 res
1069 2129 1192 2194 multae
1214 2131 1278 2196 sed

273 2263 435 2328 personae
450 2240 585 2320 multae,
608 2263 740 2325 quarum
755 2265 969 2328 unaquaeque
983 2246 1027 2308 rit
1042 2242 1147 2310 Deus.
1180 2243 1277 2310 Alio-

275 2361 354 2444 quin
375 2356 485 2441 plures
506 2358 689 2424 diceremus
723 2379 798 2424 esse
829 2359 930 2438 deos,
965 2381 1036 2423 cum
1059 2381 1124 2424 uon
1146 2361 1280 2426 sitnisi

273 2495 370 2538 uuus.
413 2469 503 2536 Hinc
525 2484 558 2534 et
579 2470 799 2558 Augustinus:
831 2471 924 2538 Deus
955 2473 1084 2556 quidem
1105 2486 1278 2554 nument,

276 2585 336 2650 red
358 2604 424 2648 uon
446 2581 638 2670 singularis.
673 2581 769 2650 ¹Nam
792 2595 825 2648 et
844 2583 966 2649 ibidem
988 2587 1029 2651 de
1052 2587 1176 2658 unitate
1199 2584 1280 2650 sub·

276 2699 417 2764 stantiae
439 2697 693 2762 demonstranda
722 2719 747 2761 a¹
776 2696 970 2783 legislatore
993 2710 1088 2763 cante
1109 2701 1283 2782 provisum

276 2821 339 2890 est,
362 2808 419 2874 ubi
439 2808 561 2874 dictum
583 2822 647 2890 est,
673 2813 796 2874 creavit
818 2801 884 2875 uon
907 2822 1121 2889 creaverunt,
1143 2819 1283 2876 servata

268 2921 509 3009 singularitate
527 2926 657 2988 numeri
671 2925 707 2988 in
719 2923 818 2990 verbo
831 2926 1007 2992 secundum
1022 2927 1179 2990 unitatem
1200 2923 1284 2988 sub-

277 3036 433 3114 stantiae,
454 3037 601 3119 quamvis
614 3037 792 3102 secundum
814 3037 954 3102 formam
974 3039 1065 3104 vocis
1081 3050 1115 3103 et
1131 3035 1286 3100 declina·

264 3149 403 3236 ¹tionum
424 3145 561 3230 pluralis
584 3151 710 3213 numeri
734 3151 790 3212 eit.
822 3146 878 3212 Sic
900 3172 918 3213 e
942 3167 1114 3227 converso,
1135 3168 1206 3212 cum
1228 3148 1286 3212 di·

279 3263 382 3342 citur,
404 3261 500 3326 turba
520 3273 630 3341 ruunt,
654 3262 696 3328 ad
718 3261 1035 3350 nomeu'siuguleris
1057 3263 1184 3329 numeri
1204 3281 1288 3325 ver·
1364 3317 1366 3328 ⁴

261 3374 355 3442 .bnm
386 3373 524 3458 pluralis
557 3376 683 3440 numeri
716 3374 917 3458 applicatur,
949 3378 1049 3460 juxta
1087 3373 1288 3460 intelligen-

279 3490 360 3553 tiam
380 3507 489 3553 rernm
509 3508 568 3570 per
589 3508 708 3554 nomeu
735 3486 997 3553 substantialiter
1022 3486 1290 3554 intellectarum.

280 3597 368 3668 'lale
394 3599 496 3686 igitur
524 3610 576 3664 est
603 3598 690 3682 Eloy
721 3601 866 3680 creavit,
902 3621 941 3664 ac
967 3601 997 3664 si
1027 3598 1191 3664 diceretur
1219 3599 1290 3672 tri·

183 3757 186 3764 -
279 3715 367 3780 nitas
390 3716 530 3793 creavit,
557 3713 665 3779 idest
687 3725 864 3796 cooperata
885 3725 955 3794 est,
977 3712 1033 3779 nbi
1055 3725 1089 3778 et
1109 3713 1224 3778 statim
1249 3715 1293 3778 in

280 3825 493 3912 sequentibus
515 3825 691 3892 dictionem
712 3847 926 3910 personarum
937 3826 1095 3907 adnectit,
1120 3823 1213 3911 quasi
1242 3827 1297 3894 ad

282 3939 531 4018 ostendendum,
553 3937 639 4024 quod
652 3936 701 4005 udv
716 3935 802 4005 hane
816 3938 1097 4008 determinandam
1108 3935 1297 4022 Eloyplu·
