2774 4486
588 129 906 238 *110*

211 347 278 416 sihi
289 344 464 434 puniisset
478 339 565 426 (hist.
578 340 638 405 calz
653 363 683 428 p.
692 339 726 426 8)
740 341 886 426 etquein
901 338 996 406 libris
1006 338 1168 406 historicis
1182 340 1284 426 egerit,

208 469 322 540 ..quum
334 467 401 512 non
416 440 491 507 satis
499 441 639 516 constet,
649 442 782 507 certior·
792 443 877 507 testis
886 453 935 507 est
949 442 1110 530 expositio
1118 441 1285 522 hexameri,

214 573 318 640 quem
341 548 375 612 in
398 545 587 620 historiam,
608 544 827 610 moralitatem
847 555 946 628 etque
962 545 1154 631 allegoriam
1165 545 1286 630 disper.

216 655 302 721 tivit.
344 644 502 714 Contere
523 643 621 710 etiam
642 656 793 732 possunt,
820 667 904 730 quae
926 646 967 710 de
991 646 1236 712 circumcisione
1251 645 1285 710 ed

219 758 318 824 Rom.
332 749 365 828 4,
383 747 421 812 11
439 747 617 834 disputavit
632 747 765 830 (comm.
783 769 815 835 p.
830 747 891 813 561
905 748 997 834 sqq).
1042 749 1188 823 Accedit,
1210 749 1285 833 qood

217 862 254 925 in
275 857 339 920 hoc
362 871 493 936 quoque
512 849 700 933 aequalium
717 850 982 936 superstitionem
996 851 1168 936 amplexus
1181 862 1240 930 est,
1260 862 1290 915 ut

218 981 325 1026 unum
340 952 549 1035 eundemque
562 951 674 1018 locum
688 953 806 1018 eodem
820 953 920 1018 modo
934 953 1025 1016 varie
1036 952 1194 1039 explicari
1206 972 1289 1038 posse

219 1067 384 1136 censeret,
406 1052 727 1138 quoniamsetiamsi
747 1053 811 1140 ipsi
829 1065 980 1119 auctores
1000 1050 1069 1117 non
1091 1076 1203 1118 omnes
1227 1053 1289 1118 illos

221 1183 334 1230 aeneus
353 1154 558 1233 habuissent,
587 1154 745 1240 quidquid
760 1157 806 1221 ibi
819 1156 1058 1220 convenienter
1071 1155 1208 1240 intelligi
1223 1177 1290 1242 pos-

220 1276 286 1345 set,
303 1259 442 1350 ‘spiritus
456 1255 697 1344 praescivisset,
722 1269 754 1321 et
769 1257 880 1335 „sicut
892 1257 984 1322 dives
999 1255 1114 1341 aliquis
1132 1279 1190 1342 per
1205 1277 1291 1320 oeco-

209 1384 390 1446 ¹„nonnum
409 1380 506 1424 suum
526 1356 664 1422 diversis
678 1357 856 1423 artificibus
873 1358 1047 1446 proprium
1061 1359 1161 1422 tradit
1174 1379 1291 1433 aurum,

223 1479 289 1548 „ut
310 1464 440 1528 diversa
462 1459 498 1524 ‘ei‘
515 1457 635 1525 saciant
655 1472 866 1540 ornamenta,
887 1462 932 1526 ite
955 1470 986 1523 et
1002 1459 1134 1547 spi-ritus
1152 1482 1209 1545 per
1223 1481 1291 1546 pro·

223 1599 245 1650 ¹„
257 1568 368 1656 phetas
382 1585 442 1627 sue
456 1562 551 1626 nobis
563 1561 665 1626 tradit
678 1562 809 1646 eloquia
832 1560 972 1626 diversis
986 1561 1158 1626 sententiis
1172 1558 1292 1635 referta,
1365 1635 1366 1650 χ

223 1691 336 1756 ¹„quae
350 1657 580 1730 oum‘divenis
594 1663 925 1752 exponimusmodis,
944 1674 1024 1748 quot
1036 1664 1114 1728 inde
1130 1662 1293 1727 sententias

224 1767 487 1859 ‚,prodncimus,
508 1765 599 1849 quasi
616 1776 663 1830 tot
676 1789 777 1851 opera
793 1767 833 1830 de
848 1789 911 1830 una
930 1767 1066 1830 materia
1080 1765 1293 1829 lubricamus“

223 1875 359 1954 (Sermo
376 1867 427 1934 18.
449 1889 477 1953 p.
493 1867 567 1932 880.
590 1867 641 1932 cll.
658 1867 960 1944 1190D=1032>.
1002 1866 1121 1950 Neque
1144 1866 1247 1951 magis
1266 1863 1293 1928 iu

222 1972 400 2044 tractandis
416 1980 547 2055 patrum
570 1969 699 2056 scriptis
716 1969 757 2034 ab
773 1969 958 2053 aequalium
976 1991 1113 2032 suorum
1130 1978 1295 2032 consucta-

224 2079 305 2144 dine
323 2073 463 2140 recessit.
507 2071 654 2137 Omnem
676 2073 766 2136 enirn
789 2073 824 2136 in
843 2070 908 2136 fide
931 2071 1061 2158 publica
1082 2069 1296 2135 constituenda

223 2177 450 2247 auctoritatem
469 2184 629 2261 putresco
644 2173 837 2258 praesertim
853 2173 988 2238 nomine
1004 2173 1089 2237 nacti
1102 2184 1197 2249 aunt,
1219 2168 1295 2256 quod

220 2282 362 2348 'eandem
379 2295 453 2342 cnm
469 2274 604 2340 ecclesia
617 2275 807 2340 sententiam
825 2297 939 2340 omnes
954 2298 1021 2340 uno
1038 2296 1097 2340 ore
1110 2273 1296 2359 profiterer·
1364 2329 1365 2334 ,

223 2396 289 2450 tur.
324 2381 381 2447 ·At
400 2400 481 2445 vero
500 2397 603 2461 quum
633 2377 757 2441 eruditi
782 2375 883 2460 aliqui
908 2388 1030 2443 attente
1048 2376 1170 2463 scripta
1197 2376 1236 2439 ab
1259 2372 1297 2437 eis

222 2486 338 2552 relicto
352 2478 589 2568 pervolvereut
604 2487 636 2543 et
650 2500 761 2542 aecum
775 2491 1031 2565 componerent,
1054 2501 1172 2544 eorum
1186 2474 1299 2562 sagaci·

227 2599 326 2652 tatem
348 2583 405 2647 vix
432 2577 540 2668 potuit
564 2577 698 2664 iugera,
726 2579 783 2644 illa
810 2579 855 2644 ita
877 2602 947 2644 esse
967 2591 1172 2668 comparata,
1199 2587 1233 2643 ut
1252 2585 1299 2640 aut

227 2707 304 2752 eum
326 2683 493 2772 prioribus
515 2680 567 2744 rel
591 2680 782 2764 aequalibus
805 2679 975 2748 interdum
997 2704 1063 2748 non
1083 2683 1299 2752 convenirent,

209 2844 211 2850 ,
227 2801 284 2856 aut
294 2787 355 2851 sibi
369 2784 438 2870 ipsa
449 2803 685 2866 nonnunquam
703 2783 964 2848 contradicerent
979 2798 1036 2850 aut
1051 2808 1128 2852 cum
1143 2780 1300 2850 sententiis

219 2887 414 2956 ab‘ecclesia
427 2884 555 2950 etiamsi
565 2883 668 2948 serius
684 2887 822 2972 receptis
838 2908 905 2950 non
922 2908 1056 2972 prorsus
1071 2891 1301 2975 conspirarent.

209 2995 306 3058 clam*
323 3012 402 3056 vero
420 2987 511 3052 istius
529 2985 641 3050 aetatis
655 2986 799 3073 theologi
814 3010 880 3052 non
896 2987 930 3052 id
947 3009 1042 3072 agore
1058 2994 1300 3058 consueverunt,

220 3106 263 3160 rot
278 3092 416 3180 singulis
440 3087 608 3155 sententiis
630 3089 718 3153 inter
738 3111 773 3154 se
787 3089 912 3154 collatis
930 3111 1090 3173 quaenam
1109 3091 1301 3177 antiquitate,

227 3195 442 3260 similitudine
462 3193 532 3255 veri
548 3189 599 3254 vel
614 3191 797 3277 scripturae
812 3191 970 3276 sullragio
986 3195 1301 3260 commendarentur,

137 3331 139 3337 v
226 3299 461 3390 explorarent,
482 3292 538 3355 sed
559 3293 767 3378 exemplum,
790 3295 877 3376 quod
899 3315 940 3356 ex
966 3295 1043 3380 ipsis
1069 3296 1217 3381 patribus
1242 3311 1301 3356 non

217 3398 312 3463 'nulli
326 3397 543 3461 exhibuerant
558 3394 604 3477 25)
626 3394 767 3458 nimium
785 3396 840 3482 pie
855 3396 957 3460 secuti
973 3396 1013 3458 ab
1028 3399 1181 3462 omnihus
1197 3396 1302 3458 docto-

222 3543 225 3548 ·
280 3512 324 3580 25)
350 3516 459 3568 Praeter
480 3529 531 3579 ee,
581 3511 744 3566 nechabet
792 3513 907 3580 „tizatns
926 3515 1035 3582 fnisset,
1066 3526 1193 3585 oportere
1210 3515 1244 3568 sd
1261 3527 1301 3564 ec·

230 3587 388 3658 Sohroeclrius
399 3582 462 3637 Chr.
476 3584 547 3652 ttg.t
578 3582 687 3649 .p.³80
702 3600 742 3650 sq.
791 3585 920 3650 „clesiam
941 3585 1094 3640 venientem
1115 3590 1203 3638 denrrc
1225 3579 1302 3648 bspti-

222 3656 278 3706 cir.
303 3655 418 3724 August.
447 3654 481 3704 de
505 3653 575 3718 bapt.
600 3668 624 3702 c.
647 3651 742 3703 Dona·
791 3654 876 3719 ‚,aari.
920 3655 997 3725 01011
1036 3671 1092 3708 non
1137 3663 1211 3708 recte
1250 3646 1301 3700 fieri

217 3723 281 3775 ,list
301 3724 331 3787 1,
352 3725 389 3775 28
404 3723 451 3787 (T.
467 3721 542 3801 tx),
563 3720 608 3799 nbi
627 3717 742 3786 Cypria·
791 3730 885 3788 „tanto
895 3723 955 3777 viro
968 3724 1240 3792 dominnspropterca
1251 3732 1302 3770 ¹1⁰ss

227 3807 277 3844 uus
296 3791 461 3854 detenditur,
488 3805 531 3842 our
549 3803 642 3854 vrsrnn¹
654 3790 741 3841 tuerat
788 3793 922 3858 „aperuit,
941 3802 970 3846 ut
989 3793 1047 3846 eins
1065 3795 1107 3860 pie
1125 3793 1258 3846 humilitas
1278 3792 1303 3842 el

219 3865 351 3927 ,emnem
369 3859 513 3922 hominem,
533 3857 579 3926 qui
593 3865 674 3911 extra
694 3875 741 3911 eo·
788 3861 904 3928 „cantas
916 3871 967 3918 etc.
985 3862 1164 3933 patesceret“.

213 3929 344 3998 ,steine
361 3931 430 3985 cath.
440 3927 660 3984 communionem
673 3927 739 3997 bap-

450 4033 609 4080 5.]
