2806 4492
242 353 416 427 multorum
438 352 605 450 particeps
623 353 660 425 lit
680 352 868 425 malornm
900 349 947 422 Ut
964 351 1055 424 enirn
1077 355 1235 457 Aristote-

242 465 297 536 les·
313 465 460 536 meminit
480 480 512 535 et
533 462 705 540 manifesta
727 469 816 535 tenet
836 466 971 550 veritas,
995 465 1084 536 bono
1108 481 1238 535 contra:

242 577 327 649 rium
350 601 423 650 esse
444 601 513 646 non
532 592 643 672 'potest
662 575 727 644 nisi
748 575 882 646 malurn.
925 573 1023 646 Patet
1043 575 1149 669 igitur,
1171 592 1243 645 tam!

188 778 191 784 .
242 689 478 772 mortalitatem,
500 713 598 784 quarn
620 703 728 757 cetera
750 688 850 760 modo
864 675 1055 783 praemissa,
1077 713 1150 757 cnm
1167 691 1237 784 qui·

242 800 305 872 bns
327 801 501 910 nascimur,
522 799 609 868 mala
630 824 703 869 esse
727 799 1005 882 connumeranda,
1025 824 1100 869 curn
1121 827 1235 906 eorurn

102 900 104 907 ‚
134 963 138 976 ι
243 911 363 982 seilicet
383 901 544 982 conuaria
566 935 664 982 nemo
693 910 816 981 dubitet
845 934 918 980 esse
948 911 1052 993 bona,
1079 925 1111 979 et
1139 899 1258 1031 quae
1286 922 1288 928 ’

246 1023 322 1092 dam
344 1023 420 1092 vitia
442 1047 502 1092 seu
527 1022 613 1091 mala
634 1023 821 1091 naturaiiter
839 1048 880 1090 ex
901 1021 973 1116 ipsa
989 1021 1152 1091 creatione
1167 987 1274 1121 quiq

194 1171 196 1175 ·
243 1134 384 1202 busdam
405 1122 526 1203 bonis
515 1134 626 1202 messe
640 1132 837 1221 substantiis,
860 1149 896 1200 ut
910 1131 1087 1202 mortalitas
1104 1131 1236 1216 bomini,
1265 1169 1280 1210 ι
1381 1132 1384 1136 ’

242 1223 501 1370 inrationabilitas
530 1263 626 1340 equo.
678 1242 836 1334 Quamvis
861 1246 947 1313 enim
970 1243 1146 1313 mortalitas
1169 1269 1236 1314 non
1310 1247 1339 1325 ’,

244 1357 381 1426 dicatur
387 1356 497 1425 vitium
520 1356 693 1439 hominis⁵
697 1381 769 1424 cum
792 1356 942 1427 videlieet
956 1340 1143 1424 'secundum
1165 1381 1237 1425 eam
1333 1375 1337 1381 '

243 1453 342 1536 hemo
364 1467 427 1536 alio
450 1465 583 1536 homine
607 1466 729 1554 de(lol.
750 1473 805 1542 42.
827 1469 907 1544 R
877 1469 990 1559 )enor
1004 1467 1068 1549 sit,
1096 1491 1162 1565 qua
1183 1491 1236 1536 ae-

244 1563 382 1672 qualiter
409 1603 524 1647 omnes
553 1579 761 1673 participant,
792 1579 956 1706 quoddam
984 1594 1095 1651 tamen
1122 1593 1171 1646 est
1193 1577 1237 1647 vi-

242 1690 322 1759 tium
351 1704 483 1789 naturae
511 1687 545 1756 iu
574 1689 648 1783 ipso
678 1689 825 1774 homine,
855 1690 1009 1785 quoniam
1037 1689 1071 1759 in
1094 1688 1157 1758 hoc
1179 1690 1237 1758 hu·

243 1819 341 1873 mana
363 1785 477 1869 natura
500 1801 541 1868 ab
564 1824 615 1885 ea,
638 1823 720 1895 qnae
743 1785 931 1871 immortalis
951 1817 1009 1884 est,
1033 1801 1173 1870 deterior
1187 1801 1236 1870 vel

243 1911 398 1982 infirmior
431 1911 541 1986 existit
599 1913 692 2012 Sicut
726 1912 834 2005 igitur
855 1912 1022 1986 hominem
1056 1911 1238 2008 quemlibet,

220 2064 225 2070 ·
244 2025 500 2121 quantiscunque
516 2024 608 2094 vitiis‘
623 2025 818 2119 deturpetur,
840 2052 908 2094 rem
930 2027 1051 2094 bonam
1071 2037 1143 2094 esse
1160 2041 1236 2095 con·'

94 2207 97 2215 ,
175 2214 179 2222 ,
245 2136 406 2219 cedimus,
435 2161 497 2204 nec
523 2123 642 2205 tamen.
655 2136 729 2206 ideo
752 2137 873 2206 bonum
898 2137 1061 2204 hominem
1085 2161 1157 2205 esse
1180 2161 1239 2204 an-

244 2248 390 2329 nuimus,
418 2247 462 2314 ita
488 2244 673 2315 econtrario
704 2247 879 2340 quamlibet
906 2263 1047 2337 poenam
1073 2265 1139 2313 rem
1164 2272 1236 2316 esse

245 2356 363 2424 malam
385 2358 588 2448 profitemur,
614 2356 688 2424 licet
709 2355 899 2424 nonnullam
923 2381 994 2422 esse
1017 2356 1136 2424 bonam
1159 2381 1236 2450 poe·
1267 2394 1269 2398 ·
1309 2438 1314 2447 ι

244 2491 321 2534 uam
349 2451 521 2559 ponamus.
566 2467 652 2537 Vide
676 2467 800 2562 itaque,
829 2490 897 2534 non
921 2489 992 2535 esse
1022 2483 1237 2562 consequens,

244 2595 281 2645 nt
308 2578 334 2644 si
365 2579 483 2646 bonam
513 2596 543 2648 et
569 2583 689 2673 justam
723 2599 864 2672 poenam
900 2566 1061 2644 summurn
1095 2577 1258 2649 hominis
1335 2665 1336 2674 ἵ

244 2688 366 2756 malum
389 2707 461 2758 e'sse
484 2677 680 2773 statuamus,
709 2688 784 2758 ideo
808 2687 897 2782 quod
917 2688 1040 2758 bonum
1064 2705 1128 2774 est,
1152 2695 1237 2760 sumss

246 2825 339 2867 mum·
364 2801 433 2892 ejus
455 2800 582 2868 malum
607 2825 679 2870 esse
704 2800 884 2895 credamus.
904 2845 906 2849 ,
926 2793 1008 2870 Etsi
1023 2801 1109 2869 enim
1132 2818 1167 2870 nt
1190 2803 1237 2871 di-

247 2927 333 2979 ctum
356 2928 415 2994 est,
436 2935 545 3006 poena
567 2911 621 2982 illa
644 2911 685 2980 sit
705 2893 803 2994 buna,
829 2936 898 2980 non
919 2910 994 2981 ideo
1017 2912 1139 2982 bonurn
1162 2914 1237 3002 sirn-

64 3007 101 3056 “
138 3019 140 3023 ’
207 3058 213 3078 ι
245 3020 413 3118 pliciteri.
434 3029 463 3096 e'.
483 3023 572 3099 ¹bona
594 3049 646 3092 res
671 3039 720 3093 est
743 3023 891 3092 dicenda.

335 3121 555 3260 Christian.
599 3135 680 3206 Esto
710 3135 827 3218 ruodo,
856 3151 892 3204 ut
913 3133 1018 3217 dicis,v
1038 3150 1068 3204 te
1090 3135 1238 3207 videlicet

248 3269 287 3312 ex
308 3244 476 3315 concessis
495 3270 564 3315 non
585 3270 685 3340 posse
708 3246 817 3338 argui,
844 3262 896 3329 ut,
922 3245 1011 3339 quod
1034 3245 1156 3315 bouum
1179 3263 1238 3331 est,
1259 3228 1262 3235 ¹

232 3355 410 3448 ¹concedas
445 3380 606 3426 summum
641 3357 781 3438 hominis
815 3358 936 3426 malum
964 3381 1053 3440 esse,
1092 3360 1245 3462 quamvis

143 3511 145 3514 ,
191 3510 192 3514 =
246 3490 393 3558 poenam
406 3464 516 3552 illam,
511 3492 609 3582 quae
630 3469 718 3550 bona
740 3485 791 3538 est
814 3485 846 3538 et
865 3471 961 3563 justa,
984 3470 1144 3538 summurn
1158 3469 1238 3537 illud

247 3575 368 3645 malum
397 3601 468 3647 esse
496 3604 564 3648 non
586 3579 987 3656 abnuas.8ed'1terum
1016 3606 1136 3676 quaero
1164 3607 1237 3654 eum

224 3771 227 3776 .
249 3702 314 3755 tam
338 3675 431 3783 eulpa
453 3691 666 3782 praecedens,
695 3717 792 3788 quarn
814 3716 923 3785 poena
945 3692 1021 3761 inde
1043 3690 1237 3784 proveniens
1274 3704 1277 3707 '

248 3796 369 3885 malurn
390 3799 462 3883 sit,
477 3800 565 3894 qnod
592 3801 708 3878 borum
736 3804 876 3873 deterius
898 3827 944 3872 ac
971 3805 1076 3896 majus
1097 3799 1237 3871 hominis

180 3959 182 3964 ,
248 3909 367 3978 malum
387 3911 559 3987 dicendum
576 3913 627 3998 sit,
648 3913 918 4016 utrumlvidelicet
935 3911 1030 4008 culpa
1052 3915 1133 4006 eine,
1156 3929 1238 4008 quae
1289 3934 1294 3944 ‘
