2740 4486
985 337 986 348 p
1053 214 1110 322 or¹

112 415 370 506 gem'feeerunt.
412 414 570 484 Nostrum
597 434 676 480 vero
707 418 894 504 eonjugium
925 396 967 482 ad
994 439 1108 504 regum

115 533 304 616 conjugium
324 529 491 594 redactum
510 541 580 606 est,
605 530 681 611 quia
702 551 799 614 reges
821 551 951 610 smnus,
980 532 1020 616 de
1041 535 1108 614 qui-

115 643 176 708 bus
198 643 335 709 Petrus:
367 665 427 708 nos
459 662 569 705 sumus
598 661 702 724 genus
731 640 891 714 electum,
920 637 1033 738 regaie
1056 669 1109 710 sa·

115 756 309 822 cordolium·
353 755 429 818 Hoc
451 768 707 833 sacramentum,
733 767 769 822 ut
791 757 910 820 dictum
934 771 1002 836 est,
1031 760 1110 824 mali

114 871 295 936 remedium
317 881 386 947 est,
409 870 473 932 esti
494 868 613 932 donum
637 890 701 932 non
724 869 883 932 conferat.
913 868 1034 936 Unde:
1055 873 1111 954 ¹qni

115 997 228 1068 potest
254 1006 370 1066 capere
401 985 526 1064 capiat,
557 982 591 1045 id
622 995 690 1061 est,
720 984 774 1064 qui
802 995 918 1065 potest
944 987 1111 1048 continere

116 1099 304 1176 contineat,
333 1099 387 1179 qai
410 1118 475 1171 nun
504 1106 614 1176 potest
642 1117 780 1160 uxorem
808 1096 916 1160 dunat.
961 1098 1003 1160 Et
1025 1100 1112 1180 Apo·

117 1213 247 1281 stolus:
281 1235 364 1278 unus
387 1213 524 1295 quisque
547 1209 782 1278 habeatsuam
810 1224 942 1295 propter
970 1214 1112 1280 fornica·

117 1329 242 1390 tionem
263 1326 443 1390 vitandam.

203 1437 321 1504 Utrum
339 1437 458 1510 ¹elerici
486 1439 725 1514 matrimonium
752 1437 945 1524 contrahere
975 1444 1114 1521 possint,
1178 1443 1180 1448 ’

119 1554 232 1637 quaeri
254 1551 353 1616 solet.
409 1550 625 1629 Sacerdotes,
665 1552 718 1632 qui
748 1571 812 1614 non
842 1551 1010 1631 secarunt,
1040 1575 1115 1635 pns-

119 1680 206 1732 aunt.
251 1665 389 1730 sivero
413 1664 530 1747 aliquis
553 1668 587 1728 in
610 1665 769 1744 ecclesia,
800 1688 882 1756 quaa
912 1681 1023 1731 votum
1045 1692 1117 1733 sus-

119 1779 225 1858 cepit,
256 1776 356 1840 inerit
386 1777 440 1858 qui
469 1795 534 1838 non
556 1786 666 1840 votum
688 1774 822 1854 feeerit,
856 1788 963 1856 potest
982 1763 1117 1855 ducere,

58 1891 61 1897 ’
120 1889 180 1954 sed
203 1892 238 1952 in
260 1887 401 1952 ecclesia
422 1887 482 1951 ille
505 1887 647 1952 officium
665 1909 730 1952 non
752 1887 932 1967 exercebit,
956 1892 1041 1972 qaod
1055 1904 1117 1970 est,

122 2003 312 2086 parochiam
334 2025 400 2066 non
422 2001 560 2066 tenebit.
604 2000 803 2066 Graecorum
820 2021 898 2066 vero
916 2005 1116 2084 sacerdotes,

123 2119 198 2198 qnia
230 2129 339 2180 votum
368 2137 433 2180 non
463 2127 693 2196 susceperunt,
728 2113 815 2179 bene
849 2137 969 2180 uxores
1002 2111 1119 2182 ducere

120 2240 276 2312 possunt,
308 2228 380 2311 qui,
412 2227 540 2310 qnando
572 2239 824 2306 consecrantur,
858 2227 899 2292 de
926 2251 1024 2293 manu
1052 2233 1121 2311 epis

121 2345 215 2424 scopi
235 2363 357 2406 uxores
380 2343 542 2422 accipiunt
570 2353 603 2403 et
625 2341 790 2425 virginee,
822 2363 907 2423 qnae
928 2345 957 2405 si
978 2345 1121 2416 morian·

78 2471 80 2475 '
121 2467 192 2534 tur,
216 2476 281 2518 non
305 2453 389 2522 alias
413 2455 595 2535 accipiunt,
623 2476 683 2518 nec
704 2455 798 2536 ipsae
822 2455 906 2517 alios
924 2463 978 2535 2⁸).
1005 2433 1123 2521 'Prae-

122 2582 251 2650 ceptum
275 2571 374 2631 etiam
397 2581 468 2630 crat
488 2569 556 2643 cie,
585 2578 621 2630 nt
643 2568 866 2649 unusquisque
891 2569 931 2631 de
956 2569 1042 2633 tribu
1063 2591 1124 2634 sue

4 2715 17 2722 ·
121 2706 245 2748 uxores
266 2683 411 2762 ducaret,
435 2705 475 2746 ne
494 2681 597 2745 tribus
619 2683 907 2746 commiscerentur
928 2695 960 2746 et
980 2706 1022 2746 ne
1036 2697 1125 2748 tran·

123 2799 208 2860 siret
229 2797 398 2877 possessio
421 2797 517 2858 unius
539 2793 642 2858 tribus
658 2795 693 2859 in
708 2798 953 2876 possessionem
975 2797 1124 2875 alterius,

123 2910 203 2992 quia
226 2920 312 2972 terra
334 2916 392 2990 per
415 2905 519 2969 tribus
543 2907 651 2978 divisa
672 2920 755 2971 erat.
799 2905 895 2983 Nunc
924 2922 1033 2973 autem
1060 2929 1127 2974 non

123 3019 226 3100 licet,
248 3020 308 3084 sed
332 3020 372 3084 de
407 3018 519 3082 aliena
548 3031 667 3102 gente,
702 3019 787 3101 quod
821 3019 963 3084 ecclesia
995 3035 1127 3102 propter

126 3134 399 3217 propagationem
419 3133 574 3209 caritatis,
599 3131 713 3212 (quod)
737 3153 756 3194 a
778 3131 934 3195 Romanis
953 3132 1126 3212 (ecclesia)

126 3247 265 3328 accepit.
309 3245 452 3310 Romani
474 3245 578 3324 enim,
604 3243 732 3327 quando
756 3246 933 3309 amicitiam
957 3269 1027 3310 carn
1051 3247 1126 3311 eliis

125 3364 316 3429 civitatibus
339 3357 651 3448 iacerevolebantn,
685 3383 807 3426 uxores
830 3383 873 3426 ex
901 3364 1020 3428 eis‘ad
1051 3386 1128 3428 con·

128 3477 392 3542 foederationem
415 3478 579 3540 amicitiae
602 3473 776 3539 ducebant.
804 3473 987 3539 .Similiter
1011 3477 1128 3541 Eccle-

126 3591 179 3654 sia
201 3591 389 3668 constitnit,
424 3603 460 3652 ut
482 3609 548 3652 non
572 3588 612 3651 de
641 3609 701 3653 sua
731 3586 790 3651 sed
813 3587 854 3650 de
876 3587 987 3652 aliena
1015 3612 1130 3671 prosa-

36 3719 45 3732 ·
127 3705 184 3788 pia
210 3724 348 3768 uxorem
378 3705 449 3785 quis
478 3702 594 3780 ducat,
616 3701 693 3785 qaia
721 3721 787 3764 non
815 3703 941 3782 putavit
972 3700 1036 3765 hoc
1062 3702 1130 3766 saf-

128 3816 231 3884 ficere
261 3816 304 3880 ad
334 3815 562 3880 dilatationem
599 3816 745 3879 caritatis
755 3859 766 3892 ,
799 3817 875 3898 quia
904 3835 965 3896 per
992 3837 1131 3880 uxorem

132 3929 372 4015 quamaccipit
400 3939 502 3995 totam
530 3927 623 3996 illem
650 3929 843 4016 progeniem
865 3927 984 4016 diligit.
1020 3927 1132 4000 Multa
