2798 4486
1100 257 1151 332 69
1186 269 1187 278 ’

144 417 190 486 ad
211 416 362 490 uirtutum
384 415 626 512 perfectionem.
663 417 783 494 Nemo·
794 421 915 518 quippe
933 447 1007 494 cum
1022 425 1076 496 illa
1089 453 1146 523 pe·

143 531 203 615 rit,
224 529 283 598 sed
306 552 374 598 nou
397 555 513 600 omues
536 531 570 599 iu
593 530 648 600 illa
670 547 863 626 aequantur.

227 640 390 719 Philos.
440 640 492 713 Nc
526 661 637 736 gravet
665 660 697 713 te
727 643 845 713 multas
875 669 937 715 nos
967 651 1145 721 sententias

142 779 204 824 scu
227 753 400 849 opiniones
423 753 500 846 (fol.
522 763 576 828 33.
598 753 663 846 R.)
685 755 848 842 inducere,
874 774 910 827 nt
933 785 971 828 ex
993 762 1144 832 omnibus

141 866 310 936 veritatem
332 865 495 936 rationum
512 866 679 962 possimus
698 866 823 939 elicere.
862 868 930 958 Qui
947 872 1031 940 enirn
1048 901 1144 970 quem
1184 881 1189 895 '

36 992 39 996 ’
141 978 251 1048 adhuc
271 977 424 1070 ignorant
445 977 553 1048 locum
572 979 743 1072 vestigant,
765 978 883 1050 multas
904 983 1069 1078 explorare
1090 1011 1143 1060 007

141 1106 263 1182 guntur
284 1089 369 1174 vias,
386 1106 427 1159 ’ut
448 1090 620 1160 rectiorem
643 1092 771 1161 valeant
795 1092 928 1188 eligere,
952 1095 1034 1165 sicut
1055 1125 1143 1166 nune

140 1227 304 1270 summunt
331 1202 525 1299 inquirendo
554 1204 678 1273 bonnm
706 1205 812 1275 facere
842 1205 1034 1300 compellor,
1066 1209 1141 1278 dum

139 1313 290 1384 videlicet
312 1316 470 1406 majorum
489 1332 675 1385 nostrorum
698 1316 874 1422 sententias
897 1317 948 1388 rel
964 1320 1141 1416 propriam,

139 1449 161 1492 a
183 1441 215 1493 te
238 1424 407 1510 invitatos,
429 1452 590 1523 propono.

230 1534 455 1612 Christian.
494 1535 571 1609 Non
588 1557 744 1632 gravaret,
767 1541 796 1610 si
817 1541 881 1611 tole
897 1543 974 1638 qnid
990 1569 1050 1637 pro
1067 1569 1141 1612 sen-

139 1648 241 1719 tentia
263 1648 484 1734 induceretur,
507 1651 595 1745 quod
619 1653 646 1721 si
667 1678 780 1722 rernm
801 1679 873 1723 non.
894 1671 996 1738 esset,
1019 1654 1142 1750 aliquid

140 1761 248 1830 saltim
277 1762 446 1856 probitatis
475 1761 619 1834 haberet.
664 1762 741 1834 Non
771 1767 857 1835 enim
881 1767 969 1860 qood
992 1784 1142 1870 patenter

137 1873 258 1944 falsum
282 1890 341 1958 est,
363 1874 471 1970 aliqua
493 1874 596 1944 refelli
618 1876 742 1947 ratione
767 1903 849 1972 opus
874 1895 936 1947 est.

147 2039 154 2043 -
227 1985 384 2056 Philus.
433 1984 525 2074 Quid
547 1987 575 2056 si
597 1999 760 2058 ruminum
783 1989 923 2059 hominis
946 1990 1069 2058 bonum
1092 1991 1139 2058 di-

138 2123 251 2176 camus
281 2113 400 2167 etatum
426 2096 516 2168 illum
543 2099 670 2169 suturae
693 2101 777 2170 vitae
802 2100 1044 2195 comparatione
1068 2118 1139 2172 tan-

137 2227 206 2279 tum
229 2211 391 2280 honorum
413 2212 594 2306 praesentis
617 2213 724 2284 vitae?
746 2211 832 2284 Nam
856 2230 888 2282 et
910 2237 982 2280 enm
1005 2237 1063 2282 vos
1081 2239 1139 2288 no-

136 2323 188 2392 bis
214 2323 296 2392 dnos
320 2323 404 2391 lines
426 2347 446 2392 a
469 2323 531 2393 deo
554 2325 741 2420 propositos
767 2326 890 2409 dicatis,
917 2351 1078 2394 summurn
1093 2324 1158 2394 vi?

138 2435 258 2506 delicet
280 2436 404 2504 honum
430 2434 463 2503 in
494 2436 602 2522 coelo,
631 2437 681 2506 vel
705 2463 867 2506 summum
890 2437 1011 2504 malum
1033 2437 1068 2504 iu
1090 2436 1139 2505 in·

136 2545 254 2631 toruo,
279 2572 346 2617 non
375 2546 467 2616 aliter
488 2548 552 2617 hoc
576 2539 738 2644 accipitis,
763 2549 826 2618 nisi
849 2565 1004 2644 quantum
1029 2550 1071 2617 ad
1093 2551 1139 2618 vi·

135 2674 189 2728 tae
207 2659 388 2753 praesentis
410 2676 529 2730 statum
547 2662 672 2730 hunum
690 2662 741 2731 vel
758 2662 891 2732 malum.
927 2659 1004 2730 Sex
1020 2661 1139 2756 qnippe

135 2769 309 2842 hominum
327 2788 430 2843 statuo
449 2772 546 2844 nobis
563 2771 645 2842 ratio
666 2775 817 2867 suggerit,
838 2791 920 2870 tres
940 2772 1090 2843 videlicet
1105 2775 1139 2843 in

135 2882 201 2954 lrac
223 2883 289 2954 rita
312 2900 345 2952 et
366 2884 547 2953 secundum
570 2885 633 2955 hoc
657 2901 738 2955 tres
763 2887 907 2956 similiter
929 2885 1011 2955 alios
1033 2886 1067 2954 in
1090 2865 1140 2953 lo-

135 3010 217 3069 rura
260 2995 391 3066 Primus
422 2997 541 3091 quippe
565 2996 707 3066 hominis
730 3013 833 3066 statos
857 3014 907 3068 est
933 2997 968 3067 in
994 3023 1060 3092 quo
1081 3021 1139 3066 ua·

136 3107 259 3192 scitur,
283 3107 360 3178 dnm
390 3111 538 3179 nondum
566 3110 600 3178 in
631 3137 670 3179 eo
696 3109 831 3178 excitata
853 3111 981 3179 ratione
1002 3109 1140 3178 liberum

135 3235 188 3288 est
217 3219 356 3314 adeptus
384 3222 563 3307 arbitrium,
593 3237 645 3306 nt,
674 3221 853 3291 secundnm
873 3221 972 3317 -qnod
996 3220 1139 3315 clegerit,

134 3331 386 3425 bonushomo,
413 3333 465 3404 vel
493 3334 599 3404 malus
627 3333 784 3404 dicendus
814 3333 870 3418 sit,
899 3333 1045 3431 quamvis
1067 3332 1138 3428 ipse

134 3442 226 3513 buna
247 3469 301 3514 res
324 3444 375 3514 vel
397 3446 486 3516 hona
509 3447 551 3516 sit
573 3447 755 3516 substantia
782 3447 849 3518 sive
879 3463 1035 3516 ereatura.
1084 3443 1138 3516 De

135 3553 201 3624 hoc
223 3555 355 3650 quidem
376 3558 483 3652 priore
508 3553 593 3628 statu
615 3558 772 3643 hominis,
801 3585 876 3628 cum
905 3557 949 3629 ad
971 3557 1137 3627 discretio·

134 3669 187 3736 nis
212 3683 352 3736 aetatem
374 3668 444 3763 ipse
467 3671 645 3764 perductus
661 3671 801 3740 scienter
820 3693 856 3738 se
873 3669 915 3737 ad
930 3670 1053 3768 honum
1070 3669 1139 3738 sive
1209 3735 1212 3747 ,

135 3777 178 3846 ad
202 3778 324 3848 malum
347 3779 556 3866 inclinaverit,
577 3787 642 3876 jam
666 3784 773 3851 bouus
795 3782 864 3875 ipse
888 3782 988 3850 homo
1003 3779 1053 3848 vel
1070 3805 1139 3849 ma·

134 3889 185 3960 lus
210 3889 357 3975 eftectus,
379 3893 503 3964 bonum
519 3893 660 3964 hominis
677 3909 797 3962 statum
812 3892 864 3961 vel
879 3891 1000 3961 malum
1015 3893 1138 3985 ingres·

67 4073 80 4088 ,
135 4027 193 4073 sus
217 4018 278 4074 est.
322 4002 455 4078 Primus
484 4006 617 4106 quidem
639 4004 780 4076 hominis
801 4019 906 4075 status
928 4003 1023 4102 quasi
1042 4001 1138 4073 indit·
