<?xml version="1.0" encoding="UTF-8"?>
<!DOCTYPE html PUBLIC "-//W3C//DTD XHTML 1.0 Transitional//EN"
    "http://www.w3.org/TR/xhtml1/DTD/xhtml1-transitional.dtd">
<html xmlns="http://www.w3.org/1999/xhtml" xml:lang="en" lang="en">
 <head>
  <title>
</title>
<meta http-equiv="Content-Type" content="text/html;charset=utf-8" />
  <meta name='ocr-system' content='tesseract 3.04.00' />
  <meta name='ocr-capabilities' content='ocr_page ocr_carea ocr_par ocr_line ocrx_word'/>
</head>
<body>
  <div class='ocr_page' id='page_1' title='image "./dialogusinterph00abelgoog_0093.png"; bbox 0 0 2798 4486; ppageno 0'>
   <div class='ocr_carea' id='block_1_1' title="bbox 56 410 1393 4090">
    <p class='ocr_par' dir='ltr' id='par_1_1' title="bbox 173 410 1219 1629">
     <span class='ocr_line' id='line_1_1' title="bbox 174 410 1175 520; baseline 0.012 -40"><span class='ocrx_word' id='word_1_1' title='bbox 174 426 242 496; x_wconf 84' lang='lat' dir='ltr'><strong>tur,</strong></span> <span class='ocrx_word' id='word_1_2' title='bbox 265 410 348 482; x_wconf 89' lang='lat' dir='ltr'><strong>sicut</strong></span> <span class='ocrx_word' id='word_1_3' title='bbox 370 411 452 483; x_wconf 88' lang='lat' dir='ltr'><strong>haee</strong></span> <span class='ocrx_word' id='word_1_4' title='bbox 474 411 547 508; x_wconf 85' lang='lat' dir='ltr'><strong>ipsa</strong></span> <span class='ocrx_word' id='word_1_5' title='bbox 568 413 657 484; x_wconf 86' lang='lat' dir='ltr'><strong>bona</strong></span> <span class='ocrx_word' id='word_1_6' title='bbox 679 414 846 500; x_wconf 89' lang='lat' dir='ltr'><strong>voluutas,</strong></span> <span class='ocrx_word' id='word_1_7' title='bbox 876 439 960 520; x_wconf 73' lang='lat' dir='ltr'><strong>quae</strong></span> <span class='ocrx_word' id='word_1_8' title='bbox 981 421 1104 514; x_wconf 88' lang='lat' dir='ltr'><strong>justitia</strong></span> <span class='ocrx_word' id='word_1_9' title='bbox 1127 421 1175 492; x_wconf 89' lang='lat' dir='ltr'><strong>di-</strong></span> 
     </span>
     <span class='ocr_line' id='line_1_2' title="bbox 177 523 1176 622; baseline 0.013 -31"><span class='ocrx_word' id='word_1_10' title='bbox 177 523 258 592; x_wconf 88' lang='lat' dir='ltr'><strong>citur</strong></span> <span class='ocrx_word' id='word_1_11' title='bbox 285 525 416 608; x_wconf 91' lang='lat' dir='ltr'><strong>timore,</strong></span> <span class='ocrx_word' id='word_1_12' title='bbox 439 524 549 619; x_wconf 91' lang='lat' dir='ltr'><strong>aliquo</strong></span> <span class='ocrx_word' id='word_1_13' title='bbox 577 526 629 596; x_wconf 87' lang='lat' dir='ltr'><strong>vel</strong></span> <span class='ocrx_word' id='word_1_14' title='bbox 652 527 824 622; x_wconf 89' lang='lat' dir='ltr'><strong>cupiditate</strong></span> <span class='ocrx_word' id='word_1_15' title='bbox 853 531 1033 617; x_wconf 81' lang='lat' dir='ltr'><strong>evanescit,</strong></span> <span class='ocrx_word' id='word_1_16' title='bbox 1061 550 1176 605; x_wconf 88' lang='lat' dir='ltr'><strong>contra</strong></span> 
     </span>
     <span class='ocr_line' id='line_1_3' title="bbox 175 635 1175 738; baseline 0.01 -34"><span class='ocrx_word' id='word_1_17' title='bbox 175 635 324 708; x_wconf 88' lang='lat' dir='ltr'><strong>timorem</strong></span> <span class='ocrx_word' id='word_1_18' title='bbox 345 635 511 721; x_wconf 81' lang='lat' dir='ltr'><strong>fortitudo,</strong></span> <span class='ocrx_word' id='word_1_19' title='bbox 532 654 648 708; x_wconf 86' lang='lat' dir='ltr'><strong>contra</strong></span> <span class='ocrx_word' id='word_1_20' title='bbox 670 639 877 734; x_wconf 81' lang='lat' dir='ltr'>cupiditatem</span> <span class='ocrx_word' id='word_1_21' title='bbox 895 645 1175 738; x_wconf 84' lang='lat' dir='ltr'><strong>temperantia[m]</strong></span> 
     </span>
     <span class='ocr_line' id='line_1_4' title="bbox 175 735 1174 848; baseline 0.01 -32"><span class='ocrx_word' id='word_1_22' title='bbox 175 748 361 820; x_wconf 86' lang='lat' dir='ltr'><strong>necessaria</strong></span> <span class='ocrx_word' id='word_1_23' title='bbox 390 765 450 820; x_wconf 87' lang='lat' dir='ltr'><strong>est.</strong></span> <span class='ocrx_word' id='word_1_24' title='bbox 498 749 625 819; x_wconf 84' lang='lat' dir='ltr'><strong>Timor</strong></span> <span class='ocrx_word' id='word_1_25' title='bbox 644 750 764 847; x_wconf 90' lang='lat' dir='ltr'><strong>quippe</strong></span> <span class='ocrx_word' id='word_1_26' title='bbox 791 735 853 834; x_wconf 87' lang='lat' dir='ltr'><strong>rei,</strong></span> <span class='ocrx_word' id='word_1_27' title='bbox 883 779 983 848; x_wconf 91' lang='lat' dir='ltr'><strong>quam</strong></span> <span class='ocrx_word' id='word_1_28' title='bbox 1010 755 1174 842; x_wconf 89' lang='lat' dir='ltr'><strong>nolumus,</strong></span> 
     </span>
     <span class='ocr_line' id='line_1_5' title="bbox 174 859 1176 959; baseline 0.008 -30"><span class='ocrx_word' id='word_1_29' title='bbox 174 861 226 929; x_wconf 89' lang='lat' dir='ltr'><strong>vel</strong></span> <span class='ocrx_word' id='word_1_30' title='bbox 249 859 407 956; x_wconf 80' lang='lat' dir='ltr'><strong>cupiditas</strong></span> <span class='ocrx_word' id='word_1_31' title='bbox 431 865 517 956; x_wconf 89' lang='lat' dir='ltr'><strong>ejus,</strong></span> <span class='ocrx_word' id='word_1_32' title='bbox 547 886 645 959; x_wconf 90' lang='lat' dir='ltr'><strong>quam</strong></span> <span class='ocrx_word' id='word_1_33' title='bbox 667 862 832 948; x_wconf 90' lang='lat' dir='ltr'><strong>volumus,</strong></span> <span class='ocrx_word' id='word_1_34' title='bbox 855 865 881 935; x_wconf 93' lang='lat' dir='ltr'><strong>si</strong></span> <span class='ocrx_word' id='word_1_35' title='bbox 903 883 1013 936; x_wconf 89' lang='lat' dir='ltr'><strong>tantae</strong></span> <span class='ocrx_word' id='word_1_36' title='bbox 1037 867 1116 952; x_wconf 90' lang='lat' dir='ltr'><strong>sint,</strong></span> <span class='ocrx_word' id='word_1_37' title='bbox 1138 885 1176 938; x_wconf 89' lang='lat' dir='ltr'><strong>ut</strong></span> 
     </span>
     <span class='ocr_line' id='line_1_6' title="bbox 174 972 1173 1072; baseline 0.008 -32"><span class='ocrx_word' id='word_1_38' title='bbox 174 973 292 1048; x_wconf 86' lang='lat' dir='ltr'><strong>rationi</strong></span> <span class='ocrx_word' id='word_1_39' title='bbox 313 975 537 1068; x_wconf 71' lang='lat' dir='ltr'><strong>praevaleant,</strong></span> <span class='ocrx_word' id='word_1_40' title='bbox 566 972 660 1044; x_wconf 84' lang='lat' dir='ltr'><strong>facile</strong></span> <span class='ocrx_word' id='word_1_41' title='bbox 683 975 725 1043; x_wconf 89' lang='lat' dir='ltr'><strong>ab</strong></span> <span class='ocrx_word' id='word_1_42' title='bbox 748 1002 815 1047; x_wconf 90' lang='lat' dir='ltr'><strong>nno</strong></span> <span class='ocrx_word' id='word_1_43' title='bbox 837 981 1007 1072; x_wconf 91' lang='lat' dir='ltr'><strong>proposito</strong></span> <span class='ocrx_word' id='word_1_44' title='bbox 1029 996 1173 1049; x_wconf 84' lang='lat' dir='ltr'><strong>mentem</strong></span> 
     </span>
     <span class='ocr_line' id='line_1_7' title="bbox 173 1083 1174 1161; baseline 0.008 -9"><span class='ocrx_word' id='word_1_45' title='bbox 173 1087 341 1154; x_wconf 82' lang='lat' dir='ltr'><strong>retrahunt</strong></span> <span class='ocrx_word' id='word_1_46' title='bbox 363 1101 394 1154; x_wconf 92' lang='lat' dir='ltr'><strong>et</strong></span> <span class='ocrx_word' id='word_1_47' title='bbox 415 1087 449 1157; x_wconf 91' lang='lat' dir='ltr'><strong>in</strong></span> <span class='ocrx_word' id='word_1_48' title='bbox 473 1083 635 1156; x_wconf 87' lang='lat' dir='ltr'><strong>contraria</strong></span> <span class='ocrx_word' id='word_1_49' title='bbox 657 1085 789 1156; x_wconf 87' lang='lat' dir='ltr'><strong>ducunt.</strong></span> <span class='ocrx_word' id='word_1_50' title='bbox 834 1087 932 1159; x_wconf 87' lang='lat' dir='ltr'><strong>Unde</strong></span> <span class='ocrx_word' id='word_1_51' title='bbox 955 1090 1111 1161; x_wconf 87' lang='lat' dir='ltr'><strong>adversus</strong></span> <span class='ocrx_word' id='word_1_52' title='bbox 1136 1092 1174 1160; x_wconf 69' lang='lat' dir='ltr'><strong>ti»</strong></span> 
     </span>
     <span class='ocr_line' id='line_1_8' title="bbox 174 1197 1173 1295; baseline 0.004 -29"><span class='ocrx_word' id='word_1_53' title='bbox 174 1223 298 1266; x_wconf 89' lang='lat' dir='ltr'><strong>morem</strong></span> <span class='ocrx_word' id='word_1_54' title='bbox 321 1197 476 1268; x_wconf 87' lang='lat' dir='ltr'><strong>lortitudo</strong></span> <span class='ocrx_word' id='word_1_55' title='bbox 500 1198 656 1293; x_wconf 87' lang='lat' dir='ltr'><strong>clypeum,</strong></span> <span class='ocrx_word' id='word_1_56' title='bbox 680 1197 836 1282; x_wconf 83' lang='lat' dir='ltr'><strong>adversus</strong></span> <span class='ocrx_word' id='word_1_57' title='bbox 859 1199 1069 1295; x_wconf 80' lang='lat' dir='ltr'><strong>cupiditatem</strong></span> <span class='ocrx_word' id='word_1_58' title='bbox 1093 1219 1173 1272; x_wconf 90' lang='lat' dir='ltr'><strong>tem-</strong></span> 
     </span>
     <span class='ocr_line' id='line_1_9' title="bbox 175 1307 1174 1406; baseline 0.007 -30"><span class='ocrx_word' id='word_1_59' title='bbox 175 1311 321 1403; x_wconf 84' lang='lat' dir='ltr'><strong>perantia</strong></span> <span class='ocrx_word' id='word_1_60' title='bbox 343 1326 449 1380; x_wconf 89' lang='lat' dir='ltr'><strong>sumet</strong></span> <span class='ocrx_word' id='word_1_61' title='bbox 469 1307 611 1393; x_wconf 82' lang='lat' dir='ltr'><strong>frenum,</strong></span> <span class='ocrx_word' id='word_1_62' title='bbox 633 1324 669 1379; x_wconf 88' lang='lat' dir='ltr'><strong>ut</strong></span> <span class='ocrx_word' id='word_1_63' title='bbox 692 1334 775 1405; x_wconf 91' lang='lat' dir='ltr'><strong>quae</strong></span> <span class='ocrx_word' id='word_1_64' title='bbox 799 1309 921 1380; x_wconf 91' lang='lat' dir='ltr'><strong>scilicet</strong></span> <span class='ocrx_word' id='word_1_65' title='bbox 942 1337 1002 1406; x_wconf 92' lang='lat' dir='ltr'><strong>per</strong></span> <span class='ocrx_word' id='word_1_66' title='bbox 1024 1314 1174 1383; x_wconf 87' lang='lat' dir='ltr'><strong>virtutem</strong></span> 
     </span>
     <span class='ocr_line' id='line_1_10' title="bbox 173 1417 1219 1516; baseline 0.006 -28"><span class='ocrx_word' id='word_1_67' title='bbox 173 1421 313 1514; x_wconf 87' lang='lat' dir='ltr'><strong>justitiae</strong></span> <span class='ocrx_word' id='word_1_68' title='bbox 341 1427 406 1516; x_wconf 80' lang='lat' dir='ltr'><strong>jam</strong></span> <span class='ocrx_word' id='word_1_69' title='bbox 429 1421 596 1512; x_wconf 87' lang='lat' dir='ltr'><strong>volumus,</strong></span> <span class='ocrx_word' id='word_1_70' title='bbox 623 1447 682 1516; x_wconf 89' lang='lat' dir='ltr'><strong>per</strong></span> <span class='ocrx_word' id='word_1_71' title='bbox 710 1420 770 1490; x_wconf 89' lang='lat' dir='ltr'><strong>has</strong></span> <span class='ocrx_word' id='word_1_72' title='bbox 800 1422 896 1492; x_wconf 89' lang='lat' dir='ltr'><strong>etiam</strong></span> <span class='ocrx_word' id='word_1_73' title='bbox 923 1417 1084 1506; x_wconf 89' lang='lat' dir='ltr'><strong>roborati,</strong></span> <span class='ocrx_word' id='word_1_74' title='bbox 1113 1419 1174 1494; x_wconf 86' lang='lat' dir='ltr'><strong>iui-</strong></span> <span class='ocrx_word' id='word_1_75' title='bbox 1211 1451 1219 1457; x_wconf 92' lang='lat'><em>·</em></span> 
     </span>
     <span class='ocr_line' id='line_1_11' title="bbox 174 1523 1173 1629; baseline 0.005 -28"><span class='ocrx_word' id='word_1_76' title='bbox 174 1533 262 1629; x_wconf 86' lang='lat' dir='ltr'><strong>plere</strong></span> <span class='ocrx_word' id='word_1_77' title='bbox 285 1523 435 1629; x_wconf 78' lang='lat' dir='ltr'><strong>polentes</strong></span> <span class='ocrx_word' id='word_1_78' title='bbox 458 1535 575 1618; x_wconf 89' lang='lat' dir='ltr'><strong>simus,</strong></span> <span class='ocrx_word' id='word_1_79' title='bbox 599 1531 810 1628; x_wconf 89' lang='lat' dir='ltr'><strong>quantumin</strong></span> <span class='ocrx_word' id='word_1_80' title='bbox 834 1533 928 1604; x_wconf 87' lang='lat' dir='ltr'><strong>nobis</strong></span> <span class='ocrx_word' id='word_1_81' title='bbox 959 1551 1017 1609; x_wconf 84' lang='lat' dir='ltr'><strong>est</strong></span> <span class='ocrx_word' id='word_1_82' title='bbox 1074 1535 1173 1606; x_wconf 89' lang='lat' dir='ltr'><strong>Unde</strong></span> 
     </span>
    </p>

    <p class='ocr_par' dir='ltr' id='par_1_2' title="bbox 75 1645 1294 1966">
     <span class='ocr_line' id='line_1_12' title="bbox 75 1645 1173 1742; baseline 0.001 -26"><span class='ocrx_word' id='word_1_83' title='bbox 75 1709 79 1716; x_wconf 91' lang='grc'><em>,</em></span> <span class='ocrx_word' id='word_1_84' title='bbox 174 1663 343 1742; x_wconf 87' lang='lat' dir='ltr'><strong>utramque</strong></span> <span class='ocrx_word' id='word_1_85' title='bbox 373 1647 488 1716; x_wconf 85' lang='lat' dir='ltr'><strong>larum</strong></span> <span class='ocrx_word' id='word_1_86' title='bbox 516 1645 682 1741; x_wconf 90' lang='lat' dir='ltr'><strong>quandam</strong></span> <span class='ocrx_word' id='word_1_87' title='bbox 711 1645 810 1714; x_wconf 89' lang='lat' dir='ltr'><strong>animi</strong></span> <span class='ocrx_word' id='word_1_88' title='bbox 831 1646 1013 1716; x_wconf 86' lang='lat' dir='ltr'><strong>firmitatem</strong></span> <span class='ocrx_word' id='word_1_89' title='bbox 1038 1666 1071 1718; x_wconf 89' lang='lat' dir='ltr'><strong>et</strong></span> <span class='ocrx_word' id='word_1_90' title='bbox 1094 1676 1173 1719; x_wconf 91' lang='lat' dir='ltr'><strong>con-</strong></span> 
     </span>
     <span class='ocr_line' id='line_1_13' title="bbox 174 1757 1294 1853; baseline 0.004 -26"><span class='ocrx_word' id='word_1_91' title='bbox 174 1758 325 1827; x_wconf 78' lang='lat' dir='ltr'><strong>stantiam</strong></span> <span class='ocrx_word' id='word_1_92' title='bbox 355 1758 508 1842; x_wconf 88' lang='lat' dir='ltr'><strong>dicimus,</strong></span> <span class='ocrx_word' id='word_1_93' title='bbox 536 1758 651 1853; x_wconf 89' lang='lat' dir='ltr'><strong>quibus</strong></span> <span class='ocrx_word' id='word_1_94' title='bbox 678 1773 829 1851; x_wconf 88' lang='lat' dir='ltr'><strong>potentes</strong></span> <span class='ocrx_word' id='word_1_95' title='bbox 853 1757 1010 1828; x_wconf 78' lang='lat' dir='ltr'><strong>allicimur</strong></span> <span class='ocrx_word' id='word_1_96' title='bbox 1033 1761 1075 1830; x_wconf 90' lang='lat' dir='ltr'><strong>ad</strong></span> <span class='ocrx_word' id='word_1_97' title='bbox 1098 1761 1172 1844; x_wconf 86' lang='lat' dir='ltr'><strong>hoc,</strong></span> <span class='ocrx_word' id='word_1_98' title='bbox 1288 1781 1294 1790; x_wconf 87' lang='lat'>&#39;</span> 
     </span>
     <span class='ocr_line' id='line_1_14' title="bbox 174 1868 1173 1966; baseline 0.004 -28"><span class='ocrx_word' id='word_1_99' title='bbox 174 1869 264 1966; x_wconf 87' lang='lat' dir='ltr'><strong>quod</strong></span> <span class='ocrx_word' id='word_1_100' title='bbox 285 1897 343 1965; x_wconf 90' lang='lat' dir='ltr'><strong>per</strong></span> <span class='ocrx_word' id='word_1_101' title='bbox 362 1870 518 1964; x_wconf 90' lang='lat' dir='ltr'><strong>justitiam</strong></span> <span class='ocrx_word' id='word_1_102' title='bbox 539 1868 706 1951; x_wconf 91' lang='lat' dir='ltr'><strong>volumus,</strong></span> <span class='ocrx_word' id='word_1_103' title='bbox 735 1869 975 1940; x_wconf 83' lang='lat' dir='ltr'><strong>exsolvendum.</strong></span> <span class='ocrx_word' id='word_1_104' title='bbox 1022 1870 1173 1962; x_wconf 86' lang='lat' dir='ltr'><strong>Quarum</strong></span> 
     </span>
    </p>

    <p class='ocr_par' dir='ltr' id='par_1_3' title="bbox 56 1980 1174 2301">
     <span class='ocr_line' id='line_1_15' title="bbox 56 1980 1173 2077; baseline 0.003 -28"><span class='ocrx_word' id='word_1_105' title='bbox 56 2053 62 2062; x_wconf 56' lang='grc'><strong>,</strong></span> <span class='ocrx_word' id='word_1_106' title='bbox 174 1981 303 2077; x_wconf 90' lang='lat' dir='ltr'><strong>quidem</strong></span> <span class='ocrx_word' id='word_1_107' title='bbox 326 1983 488 2052; x_wconf 91' lang='lat' dir='ltr'><strong>contraria</strong></span> <span class='ocrx_word' id='word_1_108' title='bbox 510 1980 671 2075; x_wconf 83' lang='lat' dir='ltr'><strong>quaedam</strong></span> <span class='ocrx_word' id='word_1_109' title='bbox 692 1980 892 2049; x_wconf 86' lang='lat' dir='ltr'><strong>infirmitates</strong></span> <span class='ocrx_word' id='word_1_110' title='bbox 915 1982 1030 2066; x_wconf 88' lang='lat' dir='ltr'><strong>animi,</strong></span> <span class='ocrx_word' id='word_1_111' title='bbox 1060 2000 1092 2052; x_wconf 92' lang='lat' dir='ltr'><strong>et</strong></span> <span class='ocrx_word' id='word_1_112' title='bbox 1113 1985 1173 2052; x_wconf 90' lang='lat' dir='ltr'><strong>im·</strong></span> 
     </span>
     <span class='ocr_line' id='line_1_16' title="bbox 172 2091 1174 2189; baseline -0.002 -25"><span class='ocrx_word' id='word_1_113' title='bbox 172 2095 338 2189; x_wconf 85' lang='lat' dir='ltr'><strong>potentiae</strong></span> <span class='ocrx_word' id='word_1_114' title='bbox 359 2095 442 2163; x_wconf 89' lang='lat' dir='ltr'><strong>vitiis</strong></span> <span class='ocrx_word' id='word_1_115' title='bbox 463 2091 636 2163; x_wconf 89' lang='lat' dir='ltr'><strong>resistendi</strong></span> <span class='ocrx_word' id='word_1_116' title='bbox 658 2108 744 2162; x_wconf 88' lang='lat' dir='ltr'><strong>recte</strong></span> <span class='ocrx_word' id='word_1_117' title='bbox 769 2091 993 2177; x_wconf 86' lang='lat' dir='ltr'><strong>nominantur,</strong></span> <span class='ocrx_word' id='word_1_118' title='bbox 1025 2110 1059 2162; x_wconf 91' lang='lat' dir='ltr'><strong>ut</strong></span> <span class='ocrx_word' id='word_1_119' title='bbox 1081 2094 1174 2188; x_wconf 84' lang='lat' dir='ltr'><strong>igna-</strong></span> 
     </span>
     <span class='ocr_line' id='line_1_17' title="bbox 174 2193 1174 2301; baseline -0.002 -25"><span class='ocrx_word' id='word_1_120' title='bbox 174 2207 226 2276; x_wconf 90' lang='lat' dir='ltr'><strong>via</strong></span> <span class='ocrx_word' id='word_1_121' title='bbox 247 2207 315 2275; x_wconf 88' lang='lat' dir='ltr'><strong>sive</strong></span> <span class='ocrx_word' id='word_1_122' title='bbox 336 2193 594 2301; x_wconf 80' lang='lat' dir='ltr'><strong>pusillanimitas,</strong></span> <span class='ocrx_word' id='word_1_123' title='bbox 618 2227 700 2300; x_wconf 87' lang='lat' dir='ltr'><strong>quae</strong></span> <span class='ocrx_word' id='word_1_124' title='bbox 717 2203 888 2273; x_wconf 90' lang='lat' dir='ltr'><strong>remissum</strong></span> <span class='ocrx_word' id='word_1_125' title='bbox 910 2203 1076 2274; x_wconf 87' lang='lat' dir='ltr'><strong>hominem</strong></span> <span class='ocrx_word' id='word_1_126' title='bbox 1098 2206 1174 2274; x_wconf 87' lang='lat' dir='ltr'><strong>red-</strong></span> 
     </span>
    </p>

    <p class='ocr_par' dir='ltr' id='par_1_4' title="bbox 83 2315 1393 3976">
     <span class='ocr_line' id='line_1_18' title="bbox 83 2315 1171 2412; baseline -0.002 -26"><span class='ocrx_word' id='word_1_127' title='bbox 83 2375 88 2378; x_wconf 95' lang='lat'>.</span> <span class='ocrx_word' id='word_1_128' title='bbox 175 2318 256 2386; x_wconf 89' lang='lat' dir='ltr'><strong>dunt</strong></span> <span class='ocrx_word' id='word_1_129' title='bbox 283 2335 315 2388; x_wconf 89' lang='lat' dir='ltr'><strong>ct</strong></span> <span class='ocrx_word' id='word_1_130' title='bbox 342 2318 601 2412; x_wconf 76' lang='lat' dir='ltr'><strong>intemperantia,</strong></span> <span class='ocrx_word' id='word_1_131' title='bbox 630 2340 713 2412; x_wconf 89' lang='lat' dir='ltr'><strong>quae</strong></span> <span class='ocrx_word' id='word_1_132' title='bbox 742 2339 804 2383; x_wconf 89' lang='lat' dir='ltr'><strong>nos</strong></span> <span class='ocrx_word' id='word_1_133' title='bbox 832 2315 867 2384; x_wconf 90' lang='lat' dir='ltr'><strong>iu</strong></span> <span class='ocrx_word' id='word_1_134' title='bbox 891 2315 1053 2386; x_wconf 87' lang='lat' dir='ltr'><strong>obscenas</strong></span> <span class='ocrx_word' id='word_1_135' title='bbox 1080 2316 1171 2387; x_wconf 81' lang='lat' dir='ltr'><strong>volu·</strong></span> 
     </span>
     <span class='ocr_line' id='line_1_19' title="bbox 173 2424 1173 2525; baseline -0.001 -26"><span class='ocrx_word' id='word_1_136' title='bbox 173 2447 278 2525; x_wconf 90' lang='lat' dir='ltr'><strong>ptates</strong></span> <span class='ocrx_word' id='word_1_137' title='bbox 300 2431 351 2500; x_wconf 88' lang='lat' dir='ltr'><strong>vel</strong></span> <span class='ocrx_word' id='word_1_138' title='bbox 380 2431 484 2524; x_wconf 89' lang='lat' dir='ltr'><strong>turpia</strong></span> <span class='ocrx_word' id='word_1_139' title='bbox 514 2430 674 2498; x_wconf 90' lang='lat' dir='ltr'><strong>desideria</strong></span> <span class='ocrx_word' id='word_1_140' title='bbox 696 2437 759 2516; x_wconf 85' lang='grc'><strong>(36</strong></span> <span class='ocrx_word' id='word_1_141' title='bbox 781 2424 846 2514; x_wconf 87' lang='lat' dir='ltr'><strong>V.)</strong></span> <span class='ocrx_word' id='word_1_142' title='bbox 874 2427 1048 2501; x_wconf 80' lang='lat' dir='ltr'><strong>resolvunt.</strong></span> <span class='ocrx_word' id='word_1_143' title='bbox 1110 2428 1173 2498; x_wconf 90' lang='lat' dir='ltr'><strong>Est</strong></span> 
     </span>
     <span class='ocr_line' id='line_1_20' title="bbox 174 2527 1171 2638; baseline -0.001 -28"><span class='ocrx_word' id='word_1_144' title='bbox 174 2544 303 2638; x_wconf 89' lang='lat' dir='ltr'><strong>quidem</strong></span> <span class='ocrx_word' id='word_1_145' title='bbox 329 2541 483 2613; x_wconf 88' lang='lat' dir='ltr'><strong>fortitudo</strong></span> <span class='ocrx_word' id='word_1_146' title='bbox 514 2541 735 2623; x_wconf 86' lang='lat' dir='ltr'><strong>considerata,</strong></span> <span class='ocrx_word' id='word_1_147' title='bbox 772 2538 807 2606; x_wconf 91' lang='lat' dir='ltr'><strong>id</strong></span> <span class='ocrx_word' id='word_1_148' title='bbox 831 2556 881 2608; x_wconf 87' lang='lat' dir='ltr'><strong>est</strong></span> <span class='ocrx_word' id='word_1_149' title='bbox 902 2527 1101 2610; x_wconf 86' lang='lat' dir='ltr'><strong>rationabilis</strong></span> <span class='ocrx_word' id='word_1_150' title='bbox 1124 2540 1171 2610; x_wconf 90' lang='lat' dir='ltr'><strong>la·</strong></span> 
     </span>
     <span class='ocr_line' id='line_1_21' title="bbox 172 2652 1172 2749; baseline -0.003 -24"><span class='ocrx_word' id='word_1_151' title='bbox 172 2656 287 2725; x_wconf 86' lang='lat' dir='ltr'><strong>borum</strong></span> <span class='ocrx_word' id='word_1_152' title='bbox 305 2655 475 2749; x_wconf 89' lang='lat' dir='ltr'><strong>perpessio</strong></span> <span class='ocrx_word' id='word_1_153' title='bbox 499 2671 531 2722; x_wconf 89' lang='lat' dir='ltr'><strong>et</strong></span> <span class='ocrx_word' id='word_1_154' title='bbox 552 2652 768 2748; x_wconf 89' lang='lat' dir='ltr'><strong>periculomm</strong></span> <span class='ocrx_word' id='word_1_155' title='bbox 792 2652 967 2744; x_wconf 88' lang='lat' dir='ltr'><strong>susceptio.</strong></span> <span class='ocrx_word' id='word_1_156' title='bbox 1005 2652 1097 2722; x_wconf 92' lang='lat' dir='ltr'><strong>Haec</strong></span> <span class='ocrx_word' id='word_1_157' title='bbox 1121 2669 1172 2722; x_wconf 88' lang='lat' dir='ltr'><strong>est</strong></span> 
     </span>
     <span class='ocr_line' id='line_1_22' title="bbox 175 2762 1393 2862; baseline -0.002 -27"><span class='ocrx_word' id='word_1_158' title='bbox 175 2791 214 2836; x_wconf 89' lang='lat' dir='ltr'><strong>ea</strong></span> <span class='ocrx_word' id='word_1_159' title='bbox 241 2767 358 2850; x_wconf 88' lang='lat' dir='ltr'><strong>virtus,</strong></span> <span class='ocrx_word' id='word_1_160' title='bbox 389 2791 472 2862; x_wconf 92' lang='lat' dir='ltr'><strong>quae</strong></span> <span class='ocrx_word' id='word_1_161' title='bbox 502 2779 671 2862; x_wconf 87' lang='lat' dir='ltr'><strong>promptos</strong></span> <span class='ocrx_word' id='word_1_162' title='bbox 694 2788 755 2834; x_wconf 91' lang='lat' dir='ltr'><strong>nos</strong></span> <span class='ocrx_word' id='word_1_163' title='bbox 781 2762 877 2832; x_wconf 84' lang='lat' dir='ltr'><strong>elficit</strong></span> <span class='ocrx_word' id='word_1_164' title='bbox 899 2764 941 2830; x_wconf 91' lang='lat' dir='ltr'><strong>ad</strong></span> <span class='ocrx_word' id='word_1_165' title='bbox 965 2766 1171 2860; x_wconf 89' lang='lat' dir='ltr'><strong>suscipienda</strong></span> <span class='ocrx_word' id='word_1_166' title='bbox 1279 2829 1281 2832; x_wconf 89' lang='lat'>.</span> <span class='ocrx_word' id='word_1_167' title='bbox 1392 2775 1393 2778; x_wconf 73' lang='grc'>’</span> 
     </span>
     <span class='ocr_line' id='line_1_23' title="bbox 173 2875 1170 2974; baseline -0.002 -26"><span class='ocrx_word' id='word_1_168' title='bbox 173 2877 316 2974; x_wconf 89' lang='lat' dir='ltr'><strong>pericula</strong></span> <span class='ocrx_word' id='word_1_169' title='bbox 345 2876 394 2946; x_wconf 91' lang='lat' dir='ltr'><strong>vel</strong></span> <span class='ocrx_word' id='word_1_170' title='bbox 423 2875 610 2946; x_wconf 90' lang='lat' dir='ltr'><strong>tolerandos</strong></span> <span class='ocrx_word' id='word_1_171' title='bbox 642 2875 791 2959; x_wconf 89' lang='lat' dir='ltr'><strong>labores,</strong></span> <span class='ocrx_word' id='word_1_172' title='bbox 828 2891 925 2970; x_wconf 89' lang='lat' dir='ltr'><strong>prout</strong></span> <span class='ocrx_word' id='word_1_173' title='bbox 951 2895 1170 2971; x_wconf 89' lang='lat' dir='ltr'><strong>opportunum</strong></span> 
     </span>
     <span class='ocr_line' id='line_1_24' title="bbox 173 2988 1169 3085; baseline -0.002 -26"><span class='ocrx_word' id='word_1_174' title='bbox 173 3007 239 3073; x_wconf 81' lang='lat' dir='ltr'><strong>est3</strong></span> <span class='ocrx_word' id='word_1_175' title='bbox 274 2989 363 3085; x_wconf 93' lang='lat' dir='ltr'><strong>quod</strong></span> <span class='ocrx_word' id='word_1_176' title='bbox 384 2989 520 3058; x_wconf 85' lang='lat' dir='ltr'><strong>maxime</strong></span> <span class='ocrx_word' id='word_1_177' title='bbox 543 2988 665 3083; x_wconf 89' lang='lat' dir='ltr'><strong>pendet</strong></span> <span class='ocrx_word' id='word_1_178' title='bbox 688 2989 727 3056; x_wconf 90' lang='lat' dir='ltr'><strong>de</strong></span> <span class='ocrx_word' id='word_1_179' title='bbox 751 3013 861 3057; x_wconf 90' lang='lat' dir='ltr'><strong>amore</strong></span> <span class='ocrx_word' id='word_1_180' title='bbox 883 2989 1041 3080; x_wconf 89' lang='lat' dir='ltr'><strong>justitiae,</strong></span> <span class='ocrx_word' id='word_1_181' title='bbox 1073 3015 1169 3083; x_wconf 91' lang='lat' dir='ltr'><strong>quem</strong></span> 
     </span>
     <span class='ocr_line' id='line_1_25' title="bbox 171 3097 1171 3192; baseline -0.004 -21"><span class='ocrx_word' id='word_1_182' title='bbox 171 3102 295 3171; x_wconf 87' lang='lat' dir='ltr'><strong>bonum</strong></span> <span class='ocrx_word' id='word_1_183' title='bbox 325 3100 436 3170; x_wconf 83' lang='lat' dir='ltr'><strong>uelum·</strong></span> <span class='ocrx_word' id='word_1_184' title='bbox 456 3101 591 3170; x_wconf 90' lang='lat' dir='ltr'><strong>dicimus</strong></span> <span class='ocrx_word' id='word_1_185' title='bbox 621 3101 656 3167; x_wconf 91' lang='lat' dir='ltr'><strong>in</strong></span> <span class='ocrx_word' id='word_1_186' title='bbox 683 3097 911 3192; x_wconf 89' lang='lat' dir='ltr'><strong>propulsandis</strong></span> <span class='ocrx_word' id='word_1_187' title='bbox 941 3097 1090 3168; x_wconf 87' lang='lat' dir='ltr'><strong>videlicet</strong></span> <span class='ocrx_word' id='word_1_188' title='bbox 1115 3115 1171 3167; x_wconf 89' lang='lat' dir='ltr'><strong>aut</strong></span> 
     </span>
     <span class='ocr_line' id='line_1_26' title="bbox 170 3209 1169 3305; baseline -0.004 -24"><span class='ocrx_word' id='word_1_189' title='bbox 170 3213 375 3282; x_wconf 83' lang='lat' dir='ltr'><strong>vindicandis</strong></span> <span class='ocrx_word' id='word_1_190' title='bbox 398 3211 500 3289; x_wconf 87' lang='lat' dir='ltr'><strong>malis.</strong></span> <span class='ocrx_word' id='word_1_191' title='bbox 559 3211 793 3305; x_wconf 86' lang='lat' dir='ltr'><strong>Temperantia</strong></span> <span class='ocrx_word' id='word_1_192' title='bbox 816 3227 866 3279; x_wconf 90' lang='lat' dir='ltr'><strong>est</strong></span> <span class='ocrx_word' id='word_1_193' title='bbox 887 3209 1020 3278; x_wconf 90' lang='lat' dir='ltr'><strong>rationis</strong></span> <span class='ocrx_word' id='word_1_194' title='bbox 1043 3209 1076 3276; x_wconf 92' lang='lat' dir='ltr'><strong>in</strong></span> <span class='ocrx_word' id='word_1_195' title='bbox 1099 3209 1169 3279; x_wconf 91' lang='lat' dir='ltr'><strong>libi·</strong></span> 
     </span>
     <span class='ocr_line' id='line_1_27' title="bbox 172 3315 1171 3420; baseline 0 -29"><span class='ocrx_word' id='word_1_196' title='bbox 172 3315 282 3393; x_wconf 91' lang='lat' dir='ltr'><strong>dinem</strong></span> <span class='ocrx_word' id='word_1_197' title='bbox 304 3341 400 3420; x_wconf 86' lang='lat' dir='ltr'><strong>atque</strong></span> <span class='ocrx_word' id='word_1_198' title='bbox 422 3325 458 3393; x_wconf 90' lang='lat' dir='ltr'><strong>iu</strong></span> <span class='ocrx_word' id='word_1_199' title='bbox 481 3323 560 3394; x_wconf 93' lang='lat' dir='ltr'><strong>alios</strong></span> <span class='ocrx_word' id='word_1_200' title='bbox 584 3351 659 3394; x_wconf 85' lang='lat' dir='ltr'><strong>non·</strong></span> <span class='ocrx_word' id='word_1_201' title='bbox 675 3340 780 3393; x_wconf 89' lang='lat' dir='ltr'><strong>rectos</strong></span> <span class='ocrx_word' id='word_1_202' title='bbox 803 3322 941 3416; x_wconf 92' lang='lat' dir='ltr'><strong>impetus</strong></span> <span class='ocrx_word' id='word_1_203' title='bbox 960 3321 1064 3390; x_wconf 89' lang='lat' dir='ltr'><strong>animi</strong></span> <span class='ocrx_word' id='word_1_204' title='bbox 1078 3322 1171 3391; x_wconf 84' lang='lat' dir='ltr'><strong>firma</strong></span> 
     </span>
     <span class='ocr_line' id='line_1_28' title="bbox 172 3435 1170 3530; baseline -0.004 -25"><span class='ocrx_word' id='word_1_205' title='bbox 172 3453 206 3505; x_wconf 90' lang='lat' dir='ltr'><strong>et</strong></span> <span class='ocrx_word' id='word_1_206' title='bbox 233 3437 400 3506; x_wconf 89' lang='lat' dir='ltr'><strong>moderata</strong></span> <span class='ocrx_word' id='word_1_207' title='bbox 430 3435 620 3507; x_wconf 85' lang='lat' dir='ltr'><strong>dominatio.</strong></span> <span class='ocrx_word' id='word_1_208' title='bbox 677 3437 783 3530; x_wconf 87' lang='lat' dir='ltr'><strong>Saepe</strong></span> <span class='ocrx_word' id='word_1_209' title='bbox 813 3435 899 3504; x_wconf 89' lang='lat' dir='ltr'><strong>enim</strong></span> <span class='ocrx_word' id='word_1_210' title='bbox 920 3435 1054 3503; x_wconf 90' lang='lat' dir='ltr'><strong>modum</strong></span> <span class='ocrx_word' id='word_1_211' title='bbox 1078 3460 1170 3502; x_wconf 83' lang='lat' dir='ltr'><strong>exce·</strong></span> 
     </span>
     <span class='ocr_line' id='line_1_29' title="bbox 172 3545 1169 3642; baseline -0.002 -26"><span class='ocrx_word' id='word_1_212' title='bbox 172 3549 298 3632; x_wconf 89' lang='lat' dir='ltr'><strong>dentes,</strong></span> <span class='ocrx_word' id='word_1_213' title='bbox 322 3548 398 3616; x_wconf 89' lang='lat' dir='ltr'><strong>dum</strong></span> <span class='ocrx_word' id='word_1_214' title='bbox 420 3548 515 3621; x_wconf 90' lang='lat' dir='ltr'><strong>nobis</strong></span> <span class='ocrx_word' id='word_1_215' title='bbox 538 3564 756 3642; x_wconf 86' lang='lat' dir='ltr'><strong>temperantes</strong></span> <span class='ocrx_word' id='word_1_216' title='bbox 779 3571 851 3616; x_wconf 90' lang='lat' dir='ltr'><strong>esse</strong></span> <span class='ocrx_word' id='word_1_217' title='bbox 871 3545 1025 3629; x_wconf 84' lang='lat' dir='ltr'><strong>videmur,</strong></span> <span class='ocrx_word' id='word_1_218' title='bbox 1048 3563 1169 3640; x_wconf 91' lang='lat' dir='ltr'><strong>tempe-</strong></span> 
     </span>
     <span class='ocr_line' id='line_1_30' title="bbox 170 3655 1172 3752; baseline -0.004 -23"><span class='ocrx_word' id='word_1_219' title='bbox 170 3661 295 3730; x_wconf 89' lang='lat' dir='ltr'><strong>rantiae</strong></span> <span class='ocrx_word' id='word_1_220' title='bbox 328 3661 482 3730; x_wconf 90' lang='lat' dir='ltr'><strong>terminos</strong></span> <span class='ocrx_word' id='word_1_221' title='bbox 518 3659 785 3752; x_wconf 81' lang='lat' dir='ltr'><strong>transgredimur,</strong></span> <span class='ocrx_word' id='word_1_222' title='bbox 822 3674 858 3727; x_wconf 90' lang='lat' dir='ltr'><strong>ut</strong></span> <span class='ocrx_word' id='word_1_223' title='bbox 893 3657 969 3725; x_wconf 89' lang='lat' dir='ltr'><strong>dum</strong></span> <span class='ocrx_word' id='word_1_224' title='bbox 992 3655 1172 3725; x_wconf 64' lang='lat' dir='ltr'><strong>⁴sobrietati</strong></span> 
     </span>
     <span class='ocr_line' id='line_1_31' title="bbox 170 3769 1173 3863; baseline -0.006 -21"><span class='ocrx_word' id='word_1_225' title='bbox 170 3773 339 3842; x_wconf 87' lang='lat' dir='ltr'><strong>studemus</strong></span> <span class='ocrx_word' id='word_1_226' title='bbox 354 3771 577 3842; x_wconf 91' lang='lat' dir='ltr'><strong>immoderatis</strong></span> <span class='ocrx_word' id='word_1_227' title='bbox 596 3771 724 3863; x_wconf 86' lang='lat' dir='ltr'><strong>jejuniis</strong></span> <span class='ocrx_word' id='word_1_228' title='bbox 746 3794 809 3839; x_wconf 91' lang='lat' dir='ltr'><strong>nos</strong></span> <span class='ocrx_word' id='word_1_229' title='bbox 832 3769 1022 3859; x_wconf 83' lang='lat' dir='ltr'><strong>affligamus,</strong></span> <span class='ocrx_word' id='word_1_230' title='bbox 1046 3781 1078 3836; x_wconf 88' lang='lat' dir='ltr'><strong>et</strong></span> <span class='ocrx_word' id='word_1_231' title='bbox 1093 3769 1173 3844; x_wconf 78' lang='lat' dir='ltr'><strong>duur</strong></span> 
     </span>
     <span class='ocr_line' id='line_1_32' title="bbox 170 3861 1260 3976; baseline -0.006 -24"><span class='ocrx_word' id='word_1_232' title='bbox 170 3885 283 3952; x_wconf 85' lang='lat' dir='ltr'><strong>vitium·</strong></span> <span class='ocrx_word' id='word_1_233' title='bbox 313 3885 446 3954; x_wconf 90' lang='lat' dir='ltr'><strong>domare</strong></span> <span class='ocrx_word' id='word_1_234' title='bbox 477 3881 640 3976; x_wconf 91' lang='lat' dir='ltr'><strong>cupimus,</strong></span> <span class='ocrx_word' id='word_1_235' title='bbox 673 3883 778 3974; x_wconf 91' lang='lat' dir='ltr'><strong>ipsam</strong></span> <span class='ocrx_word' id='word_1_236' title='bbox 808 3881 1048 3970; x_wconf 83' lang='lat' dir='ltr'><strong>exstinguamus</strong></span> <span class='ocrx_word' id='word_1_237' title='bbox 1077 3894 1170 3949; x_wconf 90' lang='lat' dir='ltr'><strong>natu·</strong></span> <span class='ocrx_word' id='word_1_238' title='bbox 1254 3861 1260 3883; x_wconf 63' lang='lat'><em>&#39;</em></span> 
     </span>
    </p>

    <p class='ocr_par' dir='ltr' id='par_1_5' title="bbox 74 3986 1238 4090">
     <span class='ocr_line' id='line_1_33' title="bbox 74 3986 1238 4090; baseline -0.012 -23"><span class='ocrx_word' id='word_1_239' title='bbox 74 4081 79 4090; x_wconf 30' lang='grc' dir='ltr'>Ι</span> <span class='ocrx_word' id='word_1_240' title='bbox 169 4021 241 4066; x_wconf 87' lang='lat' dir='ltr'><strong>ram</strong></span> <span class='ocrx_word' id='word_1_241' title='bbox 271 3995 378 4066; x_wconf 87' lang='lat' dir='ltr'><strong>etsie</strong></span> <span class='ocrx_word' id='word_1_242' title='bbox 406 3995 441 4063; x_wconf 92' lang='lat' dir='ltr'><strong>iu</strong></span> <span class='ocrx_word' id='word_1_243' title='bbox 468 3993 578 4064; x_wconf 89' lang='lat' dir='ltr'><strong>multis</strong></span> <span class='ocrx_word' id='word_1_244' title='bbox 606 3993 794 4064; x_wconf 86' lang='lat' dir='ltr'><strong>excedendo</strong></span> <span class='ocrx_word' id='word_1_245' title='bbox 822 4017 882 4087; x_wconf 92' lang='lat' dir='ltr'><strong>pro</strong></span> <span class='ocrx_word' id='word_1_246' title='bbox 908 3990 1076 4062; x_wconf 77' lang='lat' dir='ltr'><strong>virtutibus</strong></span> <span class='ocrx_word' id='word_1_247' title='bbox 1099 3986 1169 4056; x_wconf 86' lang='lat' dir='ltr'><strong>fini·</strong></span> <span class='ocrx_word' id='word_1_248' title='bbox 1233 3987 1238 3997; x_wconf 89' lang='lat'><em>&#39;</em></span> 
     </span>
    </p>
   </div>
   <div class='ocr_carea' id='block_1_2' title="bbox 0 0 1404 4486">
    <p class='ocr_par' dir='ltr' id='par_1_6' title="bbox 0 0 1404 4486">
     <span class='ocr_line' id='line_1_34' title="bbox 0 0 1404 4486; baseline 0 0"><span class='ocrx_word' id='word_1_249' title='bbox 0 0 1404 4486; x_wconf 95' lang='lat' dir='ltr'><strong> </strong></span> 
     </span>
    </p>
   </div>
  </div>
 </body>
</html>
