2740 4486
1052 247 1133 324 10⁵

31 500 33 504 Ι
135 421 192 488 vel
215 419 274 488 tali
296 417 420 486 habent
440 421 565 486 inesse.
608 418 709 486 Unde·
734 431 767 484 et
795 415 941 486 carnalia
962 421 1133 488 ιὀοιιιιιιιι.ι

1 609 2 627 ¹
52 575 54 580 ι
136 533 329 600 διιιιιιειιὶιιι
350 533 529 616 quaedam,
565 553 649 614 quae
676 545 802 597 tantum
823 536 952 596 animae
975 547 1068 614 suot,
1098 547 1136 600 ut

136 648 302 731 superbia,
324 648 447 712 invidia
470 659 504 710 et
519 660 642 710 cetera.
677 647 852 741 Peccatum
866 647 950 713 nihil
967 660 1018 712 est
1032 651 1135 731 aliud,

129 785 234 848 ,quam
256 764 329 846 ipsa
348 761 458 843 culpa,
481 767 563 846 quae
582 773 622 823 ut
648 761 849 834 ostendimus
870 761 905 824 in
927 761 1038 826 multis
1063 767 1136 828 sine

65 868 68 874 ¹
138 874 220 942 vitio
243 889 352 961 potest
375 897 461 940 esse.
497 876 557 940 Est
574 889 683 940 autem
706 875 899 958 culpanihil
919 876 1017 954 aliud,
1041 901 1138 960 quam

140 1004 322 1056 contemtus
352 979 529 1085 creatori&
571 976 658 1072 quod
690 1001 759 1067 est,
786 983 870 1054 ditm
898 990 969 1054 vel'
987 969 1150 1057 volumus'

141 1119 256 1170 contra
285 1080 538 1182 conscientiam,
574 1097 660 1188 quod
688 1104 720 1166 ei
748 1102 924 1186 displicere
953 1107 1073 1170 scimur
1103 1119 1141 1170 et

140 1217 183 1283 ab
206 1240 246 1282 eo
270 1239 344 1282 esse
364 1216 574 1299 prohibitum,
597 1215 835 1297 volumumus,
859 1215 945 1300 quod
967 1219 998 1281 ei
1017 1221 1139 1284 scimus

140 1332 274 1416 placere
310 1342 343 1396 et
374 1331 415 1395 ab
449 1351 497 1426 eo¹
521 1351 595 1394 esse
625 1343 845 1413 praeceptum.
888 1330 985 1398 Unde
1014 1355 1075 1396 nec
1104 1325 1140 1399 in
1244 1395 1245 1404 ,

29 1449 36 1476 '
90 1497 92 1503 ι
141 1447 251 1530 pueris
281 1465 341 1508 nec
372 1445 407 1506 in
435 1441 631 1507 naturaliter
653 1443 784 1522 stultis,
816 1447 892 1526 quia
921 1443 1003 1509 nihil
1025 1457 1140 1512 contra

141 1560 314 1623 scientiam
344 1570 464 1642 agunt,
498 1556 609 1640 aliqua
641 1554 737 1637 culpa
771 1541 847 1620 esse
874 1547 1140 1641 deprehenditur.

142 1649 331 1738 Notandum
353 1691 431 1734 vero
455 1681 517 1747 est,
542 1668 627 1751 quod
643 1668 837 1734 translative
853 1673 930 1752 ipsa
946 1695 1052 1754 poena
1065 1695 1142 1755 pec·

144 1797 255 1849 catum
272 1785 407 1860 dicitur,
430 1795 465 1846 ιιι
487 1804 558 1846 cum
580 1782 713 1846 dicitur:
738 1783 830 1848 Deus
855 1785 990 1848 dimittit
1013 1788 1043 1850 ei
1065 1807 1142 1868 pec·

144 1912 272 1976 catum,
295 1897 329 1960 id
353 1908 425 1974 est,
448 1917 587 1976 poenam
610 1907 776 1960 aeternam
798 1894 939 1960 relaxat.

233 2008 360 2074 Horum
382 2019 589 2090 peccatorum
612 2007 680 2072 alia
701 2021 777 2074 sunt
798 2009 954 2090 venialia,
978 2009 1044 2075 alia
1057 2032 1143 2078 mor·

144 2122 237 2189 talia.
281 2119 424 2186 Veniale
447 2121 575 2199 dicitur,
598 2118 683 2202 quod
704 2138 764 2200 per
785 2141 821 2183 se
843 2121 1144 2192 addemnationem

144 2257 212 2302 non
239 2233 381 2312 sufficit,
416 2230 514 2315 quale
548 2244 600 2295 est
622 2252 716 2294 omne
738 2230 844 2312 illud,
881 2234 968 2316 quod
998 2237 1072 2302 dom
1106 2237 1145 2302 fit
1193 2299 1196 2304 ⁴

144 2351 411 2418 memoriaenon
434 2347 591 2422 occurrit,
628 2345 714 2428 quod
735 2345 811 2411 Deo
844 2347 1029 2430 displiceat.
1055 2349 1145 2420 .Nec

146 2478 256 2529 tamen
287 2473 398 2545 potest
430 2460 516 2538 dici‘,
550 2459 636 2543 quod
670 2471 791 2556 contra·
817 2463 1050 2527 conscientiam
1079 2485 1146 2529 non
1187 2522 1194 2536 ,

145 2581 208 2655 eit,
232 2578 296 2639 etsi
318 2577 405 2638 enim
426 2586 503 2637 tunc
526 2594 545 2635 a
567 2573 725 2636 memoria
746 2574 931 2656 sejunctum
953 2577 1008 2654 sit,
1036 2569 1146 2642 tanuen

146 2691 222 2754 dum
254 2687 295 2749 ad
327 2667 515 2748 memoriam
547 2684 729 2750 reducimus
765 2705 808 2750 ex
844 2689 1048 2752 conscientia
1080 2712 1146 2755 non

46 2819 53 2825 ·
146 2799 332 2884 probamus.
378 2796 525 2861 Mortale
548 2819 626 2860 vero
648 2797 731 2862 illud
761 2812 950 2883 peccatum,
984 2805 1070 2885 quod
1092 2825 1147 2867 so-

145 2911 215 2981 lom
244 2911 285 2974 ad
318 2923 456 2973 mortem
487 2907 658 2974 sufficiens
688 2924 758 2988 est,
795 2927 832 2974 ut
861 2925 912 2976 est
934 2934 1029 2978 omne
1050 2913 1146 2995 illud,

148 3024 235 3108 quod
257 3035 370 3087 contra
392 3021 627 3085 conscientiam
652 3025 806 3087 exanimi
822 3019 1060 3090 deliberatione
1074 3051 1147 3110 per·

146 3149 302 3228 patratur.
348 3133 640 3217 Quantumcunque
662 3135 781 3220 igitur,
804 3146 841 3199 ut
862 3140 909 3200 ait
931 3137 1147 3224 Augustinus,

148 3252 184 3316 io
205 3272 241 3314 se
263 3249 338 3313 leve
361 3250 405 3310 sit
426 3259 595 3329 peccatum
617 3247 692 3311 dum
714 3246 824 3330 placet
853 3261 887 3312 et
919 3251 962 3314 eri
986 3253 1148 3322 industria

112 3393 114 3396 ·
147 3373 364 3446 perpetratur,
386 3357 526 3424 mortale
548 3371 610 3424 est.
656 3356 958 3445 Quantumcumque
983 3370 1149 3432 autemsit

144 3497 249 3561 grave
272 3477 347 3541 dum
370 3463 544 3558 displiceat
566 3488 600 3539 et
622 3499 664 3544 ex
687 3478 787 3542 animi
814 3477 1054 3568 deliberatione
1082 3503 1148 3548 oon

148 3587 220 3667 fiat,
242 3586 375 3654 veniale
406 3601 468 3654 est.
513 3588 640 3653 Horum
673 3589 859 3656 mortalium
892 3604 944 3656 est
972 3591 1062 3666 aliud
1087 3593 1149 3658 cri·

148 3700 284 3780 minale,
307 3699 397 3765 aliud
420 3722 498 3765 non.
545 3699 725 3768 Criminale
749 3715 799 3770 est
821 3701 925 3785 illud,
948 3707 1033 3789 quod
1054 3718 1151 3772 nota·

147 3810 250 3876 bilem
272 3823 306 3874 et
332 3811 489 3877 infamem
516 3813 635 3879 reddit.
650 3836 837 3898 personam.
883 3805 1063 3884 criminale
1086 3832 1149 3898 est,

151 3924 239 4011 qaod
261 3935 313 3992 est
334 3928 544 3994 accuratione
574 3928 802 4018 dignissimum
831 3941 866 3996 et
898 3943 976 3998 root
1006 3932 1149 4004 maxime
