2740 4486
1051 239 1106 316 85

106 407 268 493 errorem,
297 415 357 478 sed
379 415 421 478 ad
447 419 646 480 sacramenti
662 415 1004 482 commendationem.
1036 411 1103 480 set

107 548 179 592 cum
201 527 241 590 de
263 529 426 592 fractione
452 527 531 607 illa,
562 551 646 610 quae
668 529 707 591 fit
727 532 761 592 in
784 529 902 607 altari,
931 509 1031 592 facile
1060 529 1105 590 sit

105 640 309 720 responderi,
333 641 373 704 de
394 641 466 720 illa,
490 661 586 724 quam
604 639 755 720 Christus
777 643 857 705 fecit
874 643 907 704 in
924 659 1040 719 coena,
1064 637 1105 702 da

106 773 171 835 qua
206 753 443 839 Evangelista:
478 755 580 840 fregit
616 764 650 819 et
683 754 783 828 dabat
815 753 1000 836 discipulis,
1021 752 1105 828 sais,

104 879 207 951 'grave
229 868 358 932 videtur
378 867 573 948 absolvere,
599 891 641 932 an
664 867 794 932 scilicet
814 871 850 931 in
871 865 1011 930 veritate
1033 883 1106 928 cor·

105 993 282 1062 passuum
310 974 448 1066 frege'rit
477 994 511 1043 et
538 1003 598 1064 per
624 993 734 1064 partes
766 982 905 1044 divisum
935 977 1106 1060 discipulis

104 1095 175 1158 suis
198 1094 378 1160 tradiderit.
423 1095 475 1160 Ad
497 1095 758 1178 quod1equidem
775 1094 1038 1181 respondendum
1052 1093 1104 1162 ,vi-

103 1208 218 1287 detur,
242 1208 328 1290 quod
360 1207 645 1294 toturn'integrurn
674 1220 708 1271 et
729 1209 927 1290 perfectum,
958 1209 1043 1270 sicut
1062 1203 1104 1270 da

105 1317 247 1403 Virgine
269 1319 431 1399 traduxit,
459 1322 508 1384 ita
537 1324 712 1404 unicuique
740 1319 975 1402 discipulorum
1001 1330 1105 1383 totum

13 1465 15 1474 ι
104 1447 139 1498 et
161 1437 321 1520 integrum
346 1427 500 1502 tradidit.¹
535 1434 591 1500 Sic
613 1440 712 1500 etiam
733 1441 768 1502 iu
789 1436 886 1500 altari
900 1435 943 1499 ab
957 1454 1105 1516 unoquo·

79 1521 170 1632 'que
191 1549 339 1615 fidelium
361 1553 527 1632 recipitur.
572 1548 669 1625 Quod
699 1563 808 1616 autem
837 1551 923 1614 dixit
953 1549 1106 1631 Evange-

13 1751 14 1754 ,
102 1666 206 1734 lista:
236 1668 337 1753 fregit
363 1683 396 1732 et
418 1670 507 1734 dedit
529 1669 700 1751 discipulis
723 1672 810 1748 suis,
840 1671 888 1732 ric
909 1689 990 1732 sane
1005 1661 1112 1730 intele'

100 1779 274 1868 ligandum
297 1781 419 1866 liquet,
442 1783 561 1869 fregit,
582 1783 616 1846 id
639 1795 704 1862 est,
724 1781 899 1858 revelavit,
925 1794 959 1845 et
980 1779 1107 1863 aperuit

102 1896 295 1978 discipulis,
328 1896 404 1978 quid
426 1895 490 1960 hoc
511 1909 752 1961 sacramentum
774 1895 995 1981 significaret,
1019 1891 1106 1976 quod

100 2006 262 2072 videlicet
284 2029 401 2090 corpus
423 2007 617 2088 ecclesiam,
640 2009 726 2093 quod
748 2009 882 2093 sanguis
904 2006 1105 2070 hilaritatem

99 2121 200 2186 illam
229 2144 325 2206 quam
355 2121 499 2186 ecclesia
529 2123 569 2187 de
593 2127 644 2188 sui
668 2124 870 2188 redemtione
895 2119 996 2186 habet
1022 2119 1106 2204 figu-

97 2246 206 2299 raret.
246 2233 343 2299 Unde
372 2238 428 2323 qui
453 2235 516 2300 hoc
543 2239 698 2322 ignorant
725 2257 792 2300 non
814 2234 969 2312 fractum,
990 2232 1106 2310 idest,

13 2419 16 2431 Δ
99 2367 173 2412 non
205 2347 388 2410 revelatum
422 2347 601 2412 seeundum
632 2349 683 2411 sui
714 2346 991 2432 significationem
1020 2348 1107 2408 acci·

97 2462 209 2545 piant.
253 2457 349 2533 Quod
372 2471 481 2522 autem
501 2461 550 2521 sio
572 2479 652 2522 sane
675 2471 709 2522 et
731 2462 966 2523 convenienter
984 2458 1107 2538 exponi

96 2574 230 2655 possit,
252 2571 439 2634 Hieremias
459 2573 620 2635 ostendit:
643 2573 777 2637 Parvuli
800 2574 964 2654 petierunt
986 2592 1106 2656 panant

97 2696 135 2747 et
161 2704 227 2747 non
253 2695 342 2760 erat,
368 2659 612 2774 quisrangeret
634 2687 696 2748 eia.
739 2685 840 2772 Panis
862 2687 926 2748 iste
948 2685 1108 2765 scriptura

96 2807 176 2874 est,
200 2817 296 2878 quem
317 2817 455 2878 panem,
476 2796 510 2858 id
534 2808 603 2872 est,
640 2817 735 2877 quam
757 2799 951 2878 scripturam
976 2795 1106 2879 parvuli

93 2909 226 2974 infirmi
258 2920 334 2972 aute
367 2910 543 2995 adventum
573 2905 698 2971 Christi
727 2908 792 2972 sibi
820 2909 947 2996 frangi,
980 2909 1015 2972 id
1043 2920 1107 2986 est,
1212 2927 1216 2932 ·

95 3025 225 3106 aperiri
247 3033 280 3085 et
302 3023 425 3104 exponi
445 3018 605 3102 petebant
633 3031 668 3083 et
697 3042 763 3085 non
785 3034 875 3100 erat,
905 3023 960 3105 qui
975 3021 1107 3108 frange·

94 3148 157 3200 ret
187 3137 256 3212 eis,
291 3133 397 3195 donec
428 3133 558 3195 veniret
590 3129 761 3211 Christus,
796 3133 851 3214 qui
883 3133 1028 3213 aperiret
1057 3135 1128 3198 eis'

95 3249 299 3328 scripturas.
343 3243 439 3308 Unda
469 3244 615 3308 Joannes
645 3245 680 3307 in
709 3239 920 3326 apocalypsi:
953 3255 988 3306 et
1012 3233 1125 3309 nemo¹

94 3371 236 3444 poterat
258 3360 386 3439 aperire
412 3356 531 3420 librum
554 3368 589 3420 et
613 3354 744 3420 solvere
763 3356 936 3442 signacula
955 3357 1028 3440 ejus
1044 3368 1108 3422 etc.

92 3473 146 3537 Et
169 3470 254 3534 bene
277 3471 394 3533 dicitur
412 3472 572 3552 scriptura
596 3471 711 3551 panis,
734 3470 810 3552 quia
833 3489 874 3532 ea
894 3482 932 3532 ut
953 3469 1026 3532 cibo
1042 3473 1109 3553 spi·

92 3582 196 3651 ritali
216 3584 354 3646 interior
375 3580 493 3661 homo,
520 3584 605 3646 sicut
627 3594 661 3646 et
683 3580 847 3663 corporali
869 3583 1033 3662 exterior,
1054 3603 1109 3647 re·
1159 3663 1162 3668 1

91 3699 214 3767 ficitur
236 3710 270 3762 et
291 3708 504 3762 sustentatur.
546 3693 640 3771 Quae
664 3696 867 3782 frangenda,
895 3695 1018 3774 idest,
1049 3717 1109 3760 ex·

89 3803 257 3896 ponenda
279 3821 350 3888 est,
374 3811 469 3892 quia,
491 3809 576 3873 sicut
595 3808 669 3872 duri
686 3810 779 3890 panis
801 3821 912 3881 crusta
925 3807 1109 3892 frangenda

90 3934 202 4002 sunt,
221 3934 259 3988 ut
280 3921 322 3988 ad
343 3919 521 3990 medullam
543 3933 577 3986 et
599 3922 731 4004 micam,
752 3942 836 4008 quaa
857 3923 1028 4003 interest,
1051 3941 1107 3988 vc·
