2774 4486
758 227 760 237 l

761 243 766 252 η

163 345 349 414 Iibertdt'em
377 359 397 412 o'
421 345 582 436 peculiari
606 347 707 414 niodo
736 343 933 436 perspicies,
966 361 1033 430 quo
1055 341 1250 410 nniversam

165 450 342 515 r'e'rumad
360 450 557 515 'doctrinam‘
573 449 821 525 ecelesiasticam
835 447 1073 536 pertinentium
1085 445 1255 514 rationem,
1357 453 1361 456 ’

94 582 98 589 ·
165 549 229 616 sibl
244 549 447 632 informarit,
461 551 514 617 vel
529 575 548 616 e
562 552 732 628 sententia,
747 571 845 634 qnam
861 541 978 614 deiide
992 549 1115 615 babuit.
1138 551 1251 634 Quam

170 643 306 740 ljnidem'
323 655 513 744 explicare,
550 653 689 720 difficile
707 662 774 729 est,
804 651 957 738 qnoniam
980 674 1146 742 perpauca
1164 665 1253 728 sunt,

168 761 251 840 quae
278 757 485 822 Abaelardus
510 757 659 821 consulto
689 757 729 820 de
756 755 812 820 illa
843 753 1040 840 disputavit,
1075 777 1177 842 eaque
1206 757 1253 822 ite

168 865 374 944 comparata,
396 863 452 937 ut‘,¹
470 858 526 923 ubi
546 859 609 922 alia
629 857 826 936 contuleris,
850 855 979 920 dubites
1000 878 1042 920 nu
1064 881 1158 922 suam
1176 881 1255 923 sen-

40 1003 50 1010 «
166 958 301 1024 tentiam
322 969 435 1049 aperte
451 961 615 1051 professus
629 961 682 1027 sit.
727 961 816 1025 Hinc
834 959 880 1023 ita
901 956 1046 1023 fortassis
1059 965 1114 1024 res
1129 961 1255 1048 optime

167 1061 377 1140 instituetur,
398 1078 434 1129 ut
450 1063 616 1153 primum,
639 1085 723 1148 quae
737 1083 889 1150 expresse
903 1061 1069 1126 monuerit
1085 1082 1256 1150 propone·

170 1171 253 1240 mus,
278 1165 396 1230 deinde
410 1165 598 1254 compositis
614 1166 684 1232 aliis
700 1167 909 1240 illustremus,
924 1163 1069 1250 quidque
1085 1187 1163 1230 vere
1176 1187 1257 1230 sen-

170 1266 252 1330 serit
267 1263 385 1333 eruere
398 1269 607 1337 studeamus:

180 1388 183 1396 ·
257 1366 308 1433 Aa
318 1371 463 1456 primum
478 1373 612 1458 quidem
627 1370 744 1456 inipso
760 1365 875 1433 limine
888 1367 1148 1444 introductionis,
1162 1379 1257 1456 post-

170 1485 268 1554 qnant
285 1471 348 1536 tria
365 1496 432 1538 esse
447 1475 575 1539 dixerat
584 1523 594 1552 ,
619 1475 654 1538 in
680 1471 796 1557 quibus
818 1469 982 1536 humanae
997 1469 1110 1534 salutis
1123 1491 1256 1536 summe

171 1571 377 1653 consisteret,
413 1575 513 1642 fidem
543 1573 712 1651 videlicet,
748 1574 915 1638 caritatem
944 1582 976 1634 et
1003 1586 1256 1648 sacramentum,
1349 1627 1355 1631 .

172 1673 245 1750 „lest
261 1673 382 1762 quippe
396 1674 491 1755 lidos,
519 1675 641 1764 inquit,
666 1675 861 1741 existimatio
877 1695 989 1737 rerum
1008 1695 1075 1738 non
1089 1695 1259 1761 appareo-¹

171 1771 375 1850 „tium-tna.
398 1781 543 1845 sensibus
569 1779 719 1868 corporis
744 1801 810 1842 non
834 1774 1109 1839 subiacentium.
1153 1775 1260 1860 Quod*

172 1893 241 1968 esp.
259 1877 444 1964 2'apertius
465 1883 505 1945 ad
524 1883 623 1946 verba
639 1881 776 1970 apostoli
803 1878 927 1952 (Hebr.
951 1877 1010 1954 ll,
1035 1877 1072 1954 1)
1093 1878 1255 1966 applicata

169 1975 277 2056 „tides
292 1989 338 2046 est
351 1977 590 2068 'sperandarum
605 2005 719 2048 rernm
734 1983 920 2061 substantia,
939 1993 1169 2068 argumentum
1187 2003 1257 2046 non

171 2083 440 2168 „apparentium
465 2083 467 2088 ’
484 2085 669 2152 Substantia
684 2087 922 2173 sperandarum
938 2103 1052 2148 rerum
1075 2083 1105 2147 b.
1121 2105 1151 2149 e.
1176 2081 1259 2148 fun-

171 2183 388 2262 „damenturn
405 2199 437 2252 et
450 2191 554 2274 erige,
569 2187 656 2258 unde
674 2190 713 2252 ad
731 2190 892 2276 speranda
907 2187 1014 2272 aliqua
1030 2187 1257 2273 perducimur,

171 2285 363 2362 „credendo
380 2291 531 2354 videlicet
548 2291 637 2378 prius
656 2314 693 2354 ea
709 2312 788 2368 esse,
804 2303 840 2354 nt
850 2289 1059 2377 postmodum
1072 2310 1257 2377 speremus.

171 2387 446 2474 „Argumentum
468 2415 534 2456 non
558 2393 787 2480 apparentium
811 2391 843 2454 h.
864 2411 891 2455 e.
913 2391 1061 2478 probatio
1083 2390 1169 2475 quod
1191 2390 1257 2454 sint

171 2489 388 2573 „aliqnanou
404 2491 636 2581 apparentia“.
678 2494 805 2570 Cetera,
828 2516 910 2578 quae
922 2494 1129 2572 adiiciuntur,
1153 2491 1255 2557 finem

171 2587 259 2654 haud
276 2613 352 2657 raro
368 2595 465 2658 etiam
478 2595 611 2660 abusive
625 2595 665 2660 de
681 2595 912 2682 apparentibus
929 2596 1047 2684 ipsisne
1061 2595 1142 2659 adeo
1158 2595 1259 2659 rebus

171 2696 397 2776 praesentibus
419 2696 592 2782 usurpari,
619 2697 737 2782 quibus
760 2698 847 2782 quod
873 2697 999 2764 futnrrn
1027 2698 1069 2761 sit
1091 2697 1259 2776 credatur,

171 2791 211 2876 lo.
227 2794 280 2876 3),
309 2796 502 2861 catholicam
525 2807 634 2862 autern
657 2798 677 2863 i.
693 2822 721 2863 e.
737 2800 955 2865 universalem
974 2800 1071 2864 fidem
1087 2817 1158 2864 earu
1175 2821 1258 2877 esse,

171 2898 254 2980 quae
270 2897 315 2962 ite
330 2891 482 2966 omnibus
501 2901 680 2986 necessaria
694 2900 752 2978 sit,
775 2913 809 2966 ut
830 2925 930 2967 nemo
946 2903 1118 2987 absqneea
1134 2899 1259 2966 salvari

171 2999 289 3086 possit,
311 3004 503 3090 nonmagni
521 3006 680 3068 momenti
699 3017 783 3069 sunt.
826 3004 891 3069 Per
913 3003 970 3068 illa
992 3025 1073 3069 vero
1095 3004 1171 3068 satis
1194 3003 1258 3066 de-

171 3114 393 3184 monstratur,
422 3105 556 3170 Petrum
577 3117 727 3170 nostrum
751 3097 827 3170 cum
849 3105 1040 3192 aequalibus
1054 3107 1259 3190 suisAugu-

172 3201 470 3292 stinurn'nliosque
499 3216 607 3296 patres
632 3207 726 3292 sequi
745 3207 904 3283 voluisse,
935 3208 991 3294 qni
1016 3228 1150 3300 omnem
1179 3207 1260 3273 fidei

173 3303 449 3377 definitionemex
462 3309 630 3378 notissimo
646 3309 704 3374 illo
718 3308 790 3374 loco
802 3308 946 3376 derivari
962 3312 1140 3375 voluerunt
1154 3307 1257 3396 (Aug.

173 3403 292 3473 Sermo
309 3409 390 3502 126,
412 3413 442 3476 3.
469 3411 513 3476 Τ.
531 3410 574 3478 V.
607 3433 681 3498 pars
700 3413 728 3474 1.
758 3411 900 3497 Gregor.
923 3411 1099 3476 Homil.in
1121 3413 1259 3488 evv.II‚

173 3509 225 3587 26,
246 3509 276 3576 8.
297 3511 463 3592 ,Dolet-tu,
484 3511 515 3580 6ss
532 3514 620 3601 apud
636 3513 700 3580 Ab.
716 3513 801 3598 980).
848 3515 897 3579 At
912 3538 1011 3600 quum
1028 3515 1109 3580 illud
1127 3535 1260 3580 comma

171 3608 212 3674 ab
226 3625 361 3679 auctore
376 3615 536 3680 versionis
550 3615 699 3700 vulgatae
714 3635 780 3680 non
797 3615 874 3680 satis
885 3629 970 3681 recte
980 3617 1145 3686 redditum
1163 3627 1261 3696 esset,

172 3717 285 3795 omnia
303 3717 485 3784 ¹secundun]
511 3719 681 3806 propriam
701 3719 881 3784 verborum
900 3719 1078 3784 latinorum
1092 3716 1260 3804 siguifica-

171 3813 296 3909 lionetn
310 3821 548 3910 interpretatus
560 3821 755 3886 sententiam
774 3843 870 3886 suam
894 3821 1004 3886 minus
1021 3821 1260 3886 convenienter

170 3923 356 4010 proposuit.
391 3911 477 3992 ffloc
502 3919 637 4010 quidem
658 3923 835 4010 intellexit,
850 3927 1030 3992 ‚extremis
1047 3921 1260 4012 potissimum
