2798 4486
1033 335 1074 388 xl

30 464 32 546 l
83 495 146 573 bie
158 489 351 570 tuendam
363 503 486 590 atque
502 483 835 575 abscondendam,
853 473 1074 586 significan·

88 629 176 706 dam
200 647 295 702 vero
321 622 543 700 amicorum
566 621 609 696 in
632 620 717 721 ipsa
740 619 976 722 Philosophi
1002 618 1075 698 do·
1174 705 1177 710 Δ

30 715 31 760 Ν
88 759 204 836 ctrina
226 755 473 834 initiatorum
498 753 700 854 sagacitati
740 753 947 830 Abaelardi
965 751 1075 828 deni·

29 916 164 1032 que
185 913 351 967 manum
381 887 424 964 in
452 886 561 964 libris
588 863 869 966 Romanorum
899 869 1074 964 multum
1197 887 1200 897 '

81 1037 293 1112 versatam,
332 1019 507 1097 indicare
543 1017 700 1096 videtur
731 1017 928 1096 sermonis
965 1018 1075 1096 latini
1131 1114 1134 1120 1

82 1155 286 1254 elegantia,
311 1179 388 1254 qua
413 1151 594 1251 dialogus
611 1165 747 1228 noster
770 1175 854 1228 non
873 1151 1008 1227 minus
1031 1176 1076 1228 ac

28 1307 30 1398 f
82 1287 278 1364 aliaPetn‘
298 1284 437 1387 scripta
455 1283 491 1394 ¹)
513 1307 608 1386 prae
628 1284 789 1386 reliquis
808 1297 896 1362 tum
915 1281 1076 1360 Schola·

28 1407 30 1490 l
81 1419 286 1508 uicorum,
311 1417 382 1522 qui
405 1417 481 1494 isto
507 1430 689 1519 tempore
713 1415 973 1528 scripserunt,¹
987 1430 1082 1496 tum.

28 1635 31 1660 .
82 1550 154 1653 qui
172 1565 310 1653 postea
324 1550 503 1628 vixerunt
517 1548 857 1652 Philosophorum
876 1547 996 1640 libris,
1015 1573 1076 1626 ex-

27 1758 28 1792 p
80 1697 138 1761 tat
159 1682 332 1783 insignis.

27 1830 28 1872 l
164 1820 270 1893 Haec
299 1812 515 1892 habuimus
545 1836 647 1916 quae
679 1757 731 1892 de
761 1813 909 1893 codicis
938 1811 1077 1892 indole

84 1913 131 2024 ac
155 1946 370 2046 integritate
395 1945 626 2024 diceremus.
673 1950 847 2034 Nexum,
879 1970 962 2048 quo
994 1946 1076 2047 pla-

85 2079 161 2156 cita
191 2080 234 2154 in
265 2093 428 2157 tractatu
464 2093 602 2176 nostro
635 2077 839 2180 proposita
875 2102 971 2153 cum
1004 2076 1076 2154 do-

26 2267 27 2288 .
85 2211 208 2289 ctrina
238 2211 446 2290 abaelardi
484 2224 577 2288 sunt
608 2207 842 2309 conjuncta,
890 2209 1076 2308 indagare

84 2357 124 2421 et
156 2344 343 2446 explicare
373 2343 597 2432 noluimus,
634 2350 730 2419 cum‘
760 2365 915 2443 sperare
945 2342 1076 2433 liceat,

84 2500 252 2555 munere
292 2476 371 2554 hoc
411 2478 448 2552 S.
484 2479 529 2553 V.
567 2476 799 2552 Neandrum
838 2455 1076 2577 propediem

85 2631 170 2686 esse
189 2607 422 2690 functurum
442 2607 489 2705 ²),
513 2620 571 2684 sat
593 2601 777 2696 contenti}
801 2632 955 2684 novum
981 2623 1076 2685 ete·

82 2739 219 2816 nebris
247 2742 283 2838 3)
306 2740 516 2844 protulisse
544 2737 850 2829 documentum,
882 2742 995 2841 quod
1019 2736 1088 2818 fa·¹

84 2898 284 2912 m

105 3002 145 3084 1)
164 3003 223 3066 cfr.
243 3006 376 3088 inprimis
394 3006 553 3070 Ataebrtt
576 3006 680 3072 Sermo
706 3007 744 3072 dc
762 2995 794 3071 S.
812 3008 926 3072 Joanne
944 3008 1075 3093 Evange-

151 3106 239 3169 'tiata
268 3105 344 3192 0pp.
364 3113 472 3192 pssot
492 3111 522 3172 ll'.

102 3233 144 3311 2)
161 3231 198 3292 ln
216 3231 292 3295 libro
311 3237 429 3318 egregio
448 3236 544 3299 denno
564 3236 692 3324 edendo,
712 3238 763 3318 qui
781 3223 961 3298 inscribitura
986 3236 1076 3301 «Der

162 3334 274 3416 beilige.
286 3335 438 3399 Rembard
456 3340 518 3400 und
536 3341 600 3402 scin
617 3337 790 3402 zattalter.»
813 3339 915 3402 berlin
927 3341 1013 3404 1813.
1033 3331 1081 3404 8.

101 3465 143 3546 3)
162 3463 282 3548 Dialogi
295 3489 394 3536 ,nemo
420 3489 536 3545 eorum,
566 3471 617 3552 qui
647 3472 740 3532 vitam
763 3470 845 3534 Petri
870 3474 1076 3554 conscripsere,

26 3605 28 3646 t
161 3571 468 3632 commemorationem
491 3572 577 3649 fecit,
607 3574 664 3635 nisi
689 3581 821 3636 auctores
845 3576 942 3657 operis
968 3574 1074 3636 celebr

161 3668 291 3734 Histoire
304 3672 495 3735 litterairetle
508 3675 537 3735 la
548 3674 666 3738 Franco.
689 3675 723 3738 Τ.
737 3675 806 3738 XII.
827 3676 911 3756 (Par.
925 3679 1012 3740 183⁰.
1031 3676 1076 3756 4.)
1147 3683 1149 3686 ’

162 3794 191 3854 p.
207 3777 274 3836 132.
311 3774 453 3858 Inquiunt
470 3779 503 3838 in
522 3776 549 3858 ξ.
569 3779 607 3840 dc
626 3778 763 3861 operibus
780 3777 939 3842 Abaelardi
957 3780 1076 3840 ineditis

161 3877 198 3937 td
222 3876 402 3959 theologiam
426 3880 659 3963 pertinentibus:
701 3881 792 3944 Denx
821 3884 1005 3944 eonferences
1036 3902 1076 3942 ou

162 3977 306 4059 disputes,
331 3981 411 4043 l’une
435 3982 504 4042 d'on
523 3982 696 4065 philosophe
721 4003 794 4046 avec
819 4005 859 4045 un
878 3984 947 4066 juii,
971 3985 1075 4044 l'autre

97 4131 103 4142 .
161 4078 231 4141 d'un
254 4081 429 4165 philosophe
451 4102 525 4146 aveo
548 4085 753 4148 nn‘ohrdticn.
792 4087 850 4150 Cot
874 4087 953 4149 deux
977 4087 1075 4167 pilose
