2798 4486
140 253 150 278 t
220 233 246 305 6

221 400 319 473 leant
365 397 617 490 Quod(s)etiam
639 397 725 468 adeo
747 411 1040 494 praesumptuosos
1057 413 1097 468 et
1120 397 1225 471 elatos

220 511 301 584 facit
318 510 478 608 ³propriae
506 526 615 581 sectae
644 510 868 605 singularitas,
896 527 933 579 ut
961 533 1174 608 quoscunque
1204 537 1226 582 a

224 651 260 696 se
289 625 427 695 viderint
455 622 574 692 infide
604 622 742 709 divisos,
770 645 791 691 a
815 623 1040 694 misericordia
1065 624 1117 694 clei
1147 624 1225 695 alie-

223 763 302 822 nos,
332 752 364 805 et
382 722 533 805 omnibus
553 733 626 803 aliis
653 734 896 818 condemnatis,
923 735 1013 806 solos
1037 761 1073 805 se
1096 737 1225 830 praedi·

224 866 298 919 cent
321 849 447 918 beatos.
491 846 558 917 Diu
587 847 696 943 itaque
726 847 811 917 banc
840 872 903 940 ego
933 847 1062 942 generis
1091 847 1225 918 humaui
1316 842 1324 852 ’

224 959 415 1032 caecitatem
438 976 535 1054 atque
560 959 745 1054 superbiam
768 959 996 1044 considerans,
1019 959 1061 1028 ad
1084 958 1226 1030 divinam
1270 955 1273 960 ⁵

222 1099 275 1144 me
300 1071 422 1142 contuli
445 1071 720 1156 misericordiam,
750 1070 938 1167 suppliciter
960 1087 992 1142 et
1013 1071 1131 1166 jugiter
1153 1097 1227 1144 eam

222 1184 420 1280 implorans,
442 1199 478 1252 ut
501 1184 541 1253 dc
565 1199 654 1254 tanta
678 1208 822 1254 errorum
845 1184 1000 1278 voragine
1024 1189 1144 1253 ettam
1167 1184 1226 1252 mi·
1308 1223 1310 1231 ι

225 1297 355 1370 serabili
380 1295 532 1391 charybdi
555 1321 608 1364 me
631 1294 781 1387 dignetur
805 1295 943 1366 educere
965 1313 1064 1390 atque
1086 1294 1128 1364 ad
1151 1321 1225 1390 por·
1319 1338 1321 1348 ι

224 1425 292 1478 tam
312 1407 425 1478 salutis
445 1408 486 1477 de
504 1406 602 1477 tantis
619 1407 769 1501 procellis
791 1408 940 1502 dirigere.
970 1405 1024 1476 De
1042 1433 1107 1502 quo
1129 1408 1226 1477 etiam
1321 1454 1326 1460 κ

224 1547 315 1590 nunc
343 1546 396 1590 me
425 1519 540 1590 videtis
562 1518 735 1589 sollicitum
765 1536 797 1590 et
825 1520 1078 1616 responsionum
1104 1535 1225 1588 vestra-

222 1660 296 1703 rum
319 1633 522 1703 documentis
545 1648 699 1726 tanquam
723 1631 919 1728 discipulum
947 1632 1155 1702 vehementer
1176 1630 1226 1700 iu·

225 1760 361 1816 tentum.
869 1755 875 1762 '
1238 1837 1240 1841 ,

313 1857 336 1925 J
343 1856 517 1926 udaeus:
546 1853 643 1925 Duos
663 1855 793 1950 quidem
813 1853 909 1926 simul
927 1841 1148 1947 interrogasti,
1164 1853 1225 1924 sed

96 1969 99 1974 ’
129 2028 132 2032 .
227 1969 311 2040 dnos
329 1969 423 2038 simul
437 1968 639 2068 respondere
655 1994 723 2062 non
738 1967 978 2057 conveni[nn]t,
995 1993 1036 2035 ne
1052 1965 1225 2036 multitudo

225 2080 429 2177 loquentium
457 2080 648 2175 praepediat
674 2079 883 2151 intellectum.
926 2077 1168 2173 Respondebo,
1198 2077 1225 2147 si

226 2194 350 2290 placet,
381 2219 443 2286 ego
473 2193 612 2287 primus,
645 2192 720 2288 quia
748 2193 843 2287 primi
864 2215 926 2261 nos
955 2191 990 2260 iu
1019 2189 1141 2260 cultum
1173 2189 1225 2260 dei

226 2305 391 2388 venimus,
422 2303 474 2373 vel
502 2303 639 2398 primam
668 2300 748 2395 legis
778 2304 980 2398 suscepimus
1010 2301 1224 2398 disciplinam.

226 2415 343 2486 Frater
362 2439 439 2486 vero
458 2415 519 2484 iste
543 2413 598 2511 qui
621 2439 657 2484 se
674 2412 881 2504 christianum
901 2413 1077 2509 profitetur,
1100 2415 1155 2485 ubi
1173 2439 1226 2486 me

228 2529 364 2598 deficere
385 2525 437 2597 vel
459 2525 566 2596 minus
588 2526 737 2597 sufficere
760 2527 974 2621 conspexerit,
992 2525 1227 2621 ,inperfectioni

226 2666 337 2726 meae,
367 2638 457 2734 quod
481 2637 633 2723 defuerit,
661 2637 839 2733 supplebit,
869 2639 924 2736 qui
949 2639 1044 2736 quasi
1066 2638 1132 2709 duo
1156 2665 1227 2710 cor·

226 2777 294 2824 nna
321 2753 356 2821 in
385 2750 514 2821 duobus
543 2776 660 2845 gerens
689 2752 906 2837 testamentis,
936 2752 1054 2848 quibus
1082 2767 1226 2824 armatus

202 2912 204 2916 -
226 2864 363 2938 validius
385 2863 472 2933 hosti
493 2863 644 2933 resistere
666 2862 787 2957 poterit
807 2879 842 2934 et
864 2863 1026 2938 dimicare.

315 2974 556 3070 Philosopb.
592 2975 758 3046 Assentio.

203 3100 206 3106 “
314 3087 337 3156 J
343 3089 510 3159 udaens.
555 3088 631 3158 Hoc
653 3105 761 3158 autern
790 3104 866 3158 ante
890 3085 1071 3186 collationis
1094 3101 1226 3157 nostrae

227 3200 415 3270 conflictum
436 3226 651 3297 praemonere
674 3217 706 3270 te
728 3199 822 3285 volo,
853 3221 895 3268 ne
919 3198 947 3268 si
967 3196 1052 3270 sorte
1075 3198 1228 3294 simplici·

225 3327 325 3381 tatem
353 3337 459 3382 meam
488 3313 789 3408 philosophicarum
817 3312 950 3382 veritate
977 3312 1141 3382 rationum
1172 3335 1228 3380 su·

225 3449 339 3518 perare
362 3424 512 3510 videaris,
534 3439 566 3495 te
589 3441 719 3494 nostros
742 3425 818 3495 ideo
841 3424 958 3494 vicisse
981 3423 1138 3516 glorieris,
1164 3448 1227 3494 nec

225 3535 477 3607 imbecillitatem
500 3537 596 3606 unius
615 3535 803 3606 homunculi
821 3536 868 3606 'ad
890 3535 1005 3631 populi
1028 3537 1126 3606 totius
1151 3559 1227 3603 con·

226 3664 331 3718 vertas
355 3649 577 3742 ignominiam,
599 3674 661 3718 nec
686 3675 724 3718 ex
745 3647 884 3718 hominis
905 3646 981 3719 vitio
997 3648 1101 3732 ,fidem
1118 3645 1226 3716 redar-

226 3785 318 3853 guas,
341 3788 402 3832 nec
427 3784 500 3831 earn
523 3760 727 3831 calumnieris
752 3784 932 3845 erroneam,
956 3759 1046 3856 quod
1068 3783 1130 3854 ego
1154 3781 1228 3828 eam

224 3871 386 3940 disserere
412 3873 520 3941 minus
544 3871 712 3944 sufficiam.

311 3983 489 4055 Philosu
516 3983 560 4054 Et
582 3983 646 4055 boc
675 4009 805 4079 qnoque
833 3982 966 4079 provide
997 3983 1075 4054 satis
1102 3981 1229 4058 videtur
