<?xml version="1.0" encoding="UTF-8"?>
<!DOCTYPE html PUBLIC "-//W3C//DTD XHTML 1.0 Transitional//EN"
    "http://www.w3.org/TR/xhtml1/DTD/xhtml1-transitional.dtd">
<html xmlns="http://www.w3.org/1999/xhtml" xml:lang="en" lang="en">
 <head>
  <title>
</title>
<meta http-equiv="Content-Type" content="text/html;charset=utf-8" />
  <meta name='ocr-system' content='tesseract 3.04.00' />
  <meta name='ocr-capabilities' content='ocr_page ocr_carea ocr_par ocr_line ocrx_word'/>
</head>
<body>
  <div class='ocr_page' id='page_1' title='image "./dialogusinterph00abelgoog_0132.png"; bbox 0 0 2806 4492; ppageno 0'>
   <div class='ocr_carea' id='block_1_1' title="bbox 155 368 1343 1491">
    <p class='ocr_par' dir='ltr' id='par_1_1' title="bbox 155 368 1343 710">
     <span class='ocr_line' id='line_1_1' title="bbox 166 368 1249 486; baseline -0.004 -20"><span class='ocrx_word' id='word_1_1' title='bbox 166 407 176 430; x_wconf 68' lang='grc'><strong>·’</strong></span> <span class='ocrx_word' id='word_1_2' title='bbox 246 391 433 475; x_wconf 75' lang='lat' dir='ltr'><strong>vocabulo,</strong></span> <span class='ocrx_word' id='word_1_3' title='bbox 449 393 528 484; x_wconf 84' lang='lat'><strong>(55.</strong></span> <span class='ocrx_word' id='word_1_4' title='bbox 550 385 611 483; x_wconf 89' lang='lat' dir='ltr'><strong>V.)</strong></span> <span class='ocrx_word' id='word_1_5' title='bbox 640 413 706 484; x_wconf 87' lang='lat' dir='ltr'><strong>quo</strong></span> <span class='ocrx_word' id='word_1_6' title='bbox 728 387 846 484; x_wconf 83' lang='lat' dir='ltr'><strong>lapidis</strong></span> <span class='ocrx_word' id='word_1_7' title='bbox 869 368 978 486; x_wconf 79' lang='lat' dir='ltr'><strong>aliqua</strong></span> <span class='ocrx_word' id='word_1_8' title='bbox 1002 389 1166 462; x_wconf 85' lang='lat' dir='ltr'><strong>distinctio</strong></span> <span class='ocrx_word' id='word_1_9' title='bbox 1189 417 1249 462; x_wconf 79' lang='lat' dir='ltr'><strong>sen</strong></span> 
     </span>
     <span class='ocr_line' id='line_1_2' title="bbox 246 492 1248 602; baseline -0.002 -26"><span class='ocrx_word' id='word_1_10' title='bbox 246 492 419 600; x_wconf 84' lang='lat' dir='ltr'><strong>descriptio</strong></span> <span class='ocrx_word' id='word_1_11' title='bbox 448 495 558 598; x_wconf 83' lang='lat' dir='ltr'><strong>pertici</strong></span> <span class='ocrx_word' id='word_1_12' title='bbox 572 501 696 602; x_wconf 86' lang='lat' dir='ltr'><strong>possit.</strong></span> <span class='ocrx_word' id='word_1_13' title='bbox 738 498 812 573; x_wconf 87' lang='lat' dir='ltr'><strong>Nee</strong></span> <span class='ocrx_word' id='word_1_14' title='bbox 838 501 872 574; x_wconf 88' lang='lat' dir='ltr'><strong>id</strong></span> <span class='ocrx_word' id='word_1_15' title='bbox 895 500 952 572; x_wconf 87' lang='lat' dir='ltr'><strong>tibi</strong></span> <span class='ocrx_word' id='word_1_16' title='bbox 973 501 1122 574; x_wconf 82' lang='lat' dir='ltr'><strong>mirabile</strong></span> <span class='ocrx_word' id='word_1_17' title='bbox 1144 503 1248 574; x_wconf 86' lang='lat' dir='ltr'><strong>videri</strong></span> 
     </span>
     <span class='ocr_line' id='line_1_3' title="bbox 155 603 1343 710; baseline -0.005 -22"><span class='ocrx_word' id='word_1_18' title='bbox 155 603 156 618; x_wconf 36' lang='lat'>¹</span> <span class='ocrx_word' id='word_1_19' title='bbox 246 605 343 688; x_wconf 80' lang='lat' dir='ltr'><strong>dsiiet</strong></span> <span class='ocrx_word' id='word_1_20' title='bbox 370 616 400 686; x_wconf 87' lang='lat' dir='ltr'><strong>si</strong></span> <span class='ocrx_word' id='word_1_21' title='bbox 421 639 474 684; x_wconf 89' lang='lat' dir='ltr'><strong>me</strong></span> <span class='ocrx_word' id='word_1_22' title='bbox 500 612 534 682; x_wconf 91' lang='lat' dir='ltr'><strong>iu</strong></span> <span class='ocrx_word' id='word_1_23' title='bbox 557 612 609 682; x_wconf 85' lang='lat' dir='ltr'><strong>his</strong></span> <span class='ocrx_word' id='word_1_24' title='bbox 631 613 768 684; x_wconf 77' lang='lat' dir='ltr'><strong>defieore</strong></span> <span class='ocrx_word' id='word_1_25' title='bbox 791 611 922 697; x_wconf 88' lang='lat' dir='ltr'><strong>videas,</strong></span> <span class='ocrx_word' id='word_1_26' title='bbox 950 615 993 682; x_wconf 90' lang='lat' dir='ltr'><strong>ad</strong></span> <span class='ocrx_word' id='word_1_27' title='bbox 1016 639 1101 708; x_wconf 84' lang='lat' dir='ltr'><strong>quae</strong></span> <span class='ocrx_word' id='word_1_28' title='bbox 1124 629 1247 710; x_wconf 74' lang='lat' dir='ltr'><strong>nequa·</strong></span> <span class='ocrx_word' id='word_1_29' title='bbox 1341 618 1343 626; x_wconf 79' lang='grc'><strong>“</strong></span> 
     </span>
    </p>

    <p class='ocr_par' dir='ltr' id='par_1_2' title="bbox 209 723 1270 1167">
     <span class='ocr_line' id='line_1_4' title="bbox 209 723 1248 824; baseline -0.004 -26"><span class='ocrx_word' id='word_1_30' title='bbox 209 775 212 780; x_wconf 92' lang='grc'><strong>-</strong></span> <span class='ocrx_word' id='word_1_31' title='bbox 246 754 345 824; x_wconf 86' lang='lat' dir='ltr'><strong>quam</strong></span> <span class='ocrx_word' id='word_1_32' title='bbox 366 750 505 818; x_wconf 79' lang='lat' dir='ltr'><strong>magnus</strong></span> <span class='ocrx_word' id='word_1_33' title='bbox 528 723 602 796; x_wconf 87' lang='lat' dir='ltr'><strong>illos</strong></span> <span class='ocrx_word' id='word_1_34' title='bbox 617 725 712 795; x_wconf 68' lang='lat' dir='ltr'><strong>»viros</strong></span> <span class='ocrx_word' id='word_1_35' title='bbox 737 725 898 808; x_wconf 80' lang='lat' dir='ltr'><strong>doctores,</strong></span> <span class='ocrx_word' id='word_1_36' title='bbox 922 751 1005 820; x_wconf 87' lang='lat' dir='ltr'><strong>quos</strong></span> <span class='ocrx_word' id='word_1_37' title='bbox 1026 726 1154 819; x_wconf 79' lang='lat' dir='ltr'><strong>jactatis</strong></span> <span class='ocrx_word' id='word_1_38' title='bbox 1176 725 1248 821; x_wconf 88' lang='lat' dir='ltr'><strong>phi·</strong></span> 
     </span>
     <span class='ocr_line' id='line_1_5' title="bbox 245 834 1270 934; baseline -0.003 -25"><span class='ocrx_word' id='word_1_39' title='bbox 245 835 422 934; x_wconf 82' lang='lat' dir='ltr'><strong>losuphos,</strong></span> <span class='ocrx_word' id='word_1_40' title='bbox 451 835 624 906; x_wconf 72' lang='lat' dir='ltr'><strong>suffecisse</strong></span> <span class='ocrx_word' id='word_1_41' title='bbox 643 837 885 930; x_wconf 72' lang='lat' dir='ltr'><strong>cognoscimus.</strong></span> <span class='ocrx_word' id='word_1_42' title='bbox 932 834 1030 926; x_wconf 82' lang='lat' dir='ltr'><strong>Quae</strong></span> <span class='ocrx_word' id='word_1_43' title='bbox 1054 854 1270 933; x_wconf 25' lang='lat' dir='ltr'><strong>tarnenrpo·¹</strong></span> 
     </span>
     <span class='ocr_line' id='line_1_6' title="bbox 246 948 1248 1047; baseline -0.002 -25"><span class='ocrx_word' id='word_1_44' title='bbox 246 950 316 1022; x_wconf 83' lang='lat' dir='ltr'><strong>tero</strong></span> <span class='ocrx_word' id='word_1_45' title='bbox 332 951 374 1020; x_wconf 85' lang='lat' dir='ltr'><strong>ad</strong></span> <span class='ocrx_word' id='word_1_46' title='bbox 391 948 609 1042; x_wconf 80' lang='lat' dir='ltr'><strong>objectionem</strong></span> <span class='ocrx_word' id='word_1_47' title='bbox 628 965 755 1019; x_wconf 86' lang='lat' dir='ltr'><strong>tuarum</strong></span> <span class='ocrx_word' id='word_1_48' title='bbox 767 948 1014 1044; x_wconf 79' lang='lat' dir='ltr'><strong>inquisitionum</strong></span> <span class='ocrx_word' id='word_1_49' title='bbox 1029 951 1070 1021; x_wconf 88' lang='lat' dir='ltr'><strong>de</strong></span> <span class='ocrx_word' id='word_1_50' title='bbox 1084 950 1147 1034; x_wconf 76' lang='lat' dir='ltr'><strong>iris,</strong></span> <span class='ocrx_word' id='word_1_51' title='bbox 1163 975 1248 1047; x_wconf 83' lang='lat' dir='ltr'><strong>quse</strong></span> 
     </span>
     <span class='ocr_line' id='line_1_7' title="bbox 224 1059 591 1167; baseline 0.008 -35"><span class='ocrx_word' id='word_1_52' title='bbox 224 1062 412 1167; x_wconf 82' lang='lat' dir='ltr'><strong>praemisi,</strong></span> <span class='ocrx_word' id='word_1_53' title='bbox 436 1059 591 1135; x_wconf 84' lang='lat' dir='ltr'><strong>conabor.</strong></span> 
     </span>
    </p>

    <p class='ocr_par' dir='ltr' id='par_1_3' title="bbox 186 1170 1256 1491">
     <span class='ocr_line' id='line_1_8' title="bbox 331 1170 1246 1270; baseline 0.001 -27"><span class='ocrx_word' id='word_1_54' title='bbox 331 1171 489 1243; x_wconf 86' lang='lat' dir='ltr'><strong>Philus.</strong></span> <span class='ocrx_word' id='word_1_55' title='bbox 534 1172 578 1242; x_wconf 84' lang='lat' dir='ltr'><strong>Et</strong></span> <span class='ocrx_word' id='word_1_56' title='bbox 607 1171 734 1242; x_wconf 80' lang='lat' dir='ltr'><strong>ratione</strong></span> <span class='ocrx_word' id='word_1_57' title='bbox 757 1171 837 1242; x_wconf 86' lang='lat' dir='ltr'><strong>satis</strong></span> <span class='ocrx_word' id='word_1_58' title='bbox 867 1188 900 1242; x_wconf 91' lang='lat' dir='ltr'><strong>et</strong></span> <span class='ocrx_word' id='word_1_59' title='bbox 921 1170 1132 1270; x_wconf 85' lang='lat' dir='ltr'><strong>probatione,</strong></span> <span class='ocrx_word' id='word_1_60' title='bbox 1160 1195 1246 1268; x_wconf 78' lang='lat' dir='ltr'><strong>quus</strong></span> 
     </span>
     <span class='ocr_line' id='line_1_9' title="bbox 227 1283 1256 1380; baseline 0.004 -30"><span class='ocrx_word' id='word_1_61' title='bbox 227 1311 333 1356; x_wconf 84' lang='lat' dir='ltr'><strong>‚nuuc</strong></span> <span class='ocrx_word' id='word_1_62' title='bbox 356 1283 619 1368; x_wconf 65' lang='lat' dir='ltr'><strong>dicis‚‘videntur</strong></span> <span class='ocrx_word' id='word_1_63' title='bbox 639 1283 818 1379; x_wconf 81' lang='lat' dir='ltr'><strong>abundare.</strong></span> <span class='ocrx_word' id='word_1_64' title='bbox 855 1283 924 1357; x_wconf 89' lang='lat' dir='ltr'><strong>Sed</strong></span> <span class='ocrx_word' id='word_1_65' title='bbox 945 1309 1067 1368; x_wconf 84' lang='lat' dir='ltr'><strong>revera,</strong></span> <span class='ocrx_word' id='word_1_66' title='bbox 1088 1285 1256 1380; x_wconf 69' lang='lat' dir='ltr'><strong>quaedi-6</strong></span> 
     </span>
     <span class='ocr_line' id='line_1_10' title="bbox 186 1393 1245 1491; baseline -0.003 -23"><span class='ocrx_word' id='word_1_67' title='bbox 186 1409 206 1488; x_wconf 12' lang='lat' dir='ltr'><strong>&#39;p</strong></span> <span class='ocrx_word' id='word_1_68' title='bbox 247 1401 365 1470; x_wconf 85' lang='lat' dir='ltr'><strong>cuntur</strong></span> <span class='ocrx_word' id='word_1_69' title='bbox 387 1395 451 1476; x_wconf 82' lang='lat' dir='ltr'><strong>nisi</strong></span> <span class='ocrx_word' id='word_1_70' title='bbox 473 1394 691 1488; x_wconf 82' lang='lat' dir='ltr'><strong>intelligantur</strong></span> <span class='ocrx_word' id='word_1_71' title='bbox 712 1393 832 1464; x_wconf 75' lang='lat' dir='ltr'><strong>frustra</strong></span> <span class='ocrx_word' id='word_1_72' title='bbox 855 1395 1079 1491; x_wconf 79' lang='lat' dir='ltr'><strong>proferuntur,</strong></span> <span class='ocrx_word' id='word_1_73' title='bbox 1102 1422 1164 1471; x_wconf 78' lang='lat' dir='ltr'><strong>nee</strong></span> <span class='ocrx_word' id='word_1_74' title='bbox 1187 1397 1245 1465; x_wconf 88' lang='lat' dir='ltr'><strong>do·</strong></span> 
     </span>
    </p>
   </div>
   <div class='ocr_carea' id='block_1_2' title="bbox 80 1503 1244 1618">
    <p class='ocr_par' dir='ltr' id='par_1_4' title="bbox 80 1503 1244 1618">
     <span class='ocr_line' id='line_1_11' title="bbox 80 1503 1244 1618; baseline -0.015 -29"><span class='ocrx_word' id='word_1_75' title='bbox 80 1503 95 1618; x_wconf 42' lang='lat'><strong>&#39;⁸</strong></span> <span class='ocrx_word' id='word_1_76' title='bbox 145 1517 159 1558; x_wconf 77' lang='grc'><strong>“·</strong></span> <span class='ocrx_word' id='word_1_77' title='bbox 201 1511 204 1516; x_wconf 59' lang='grc'>’</span> <span class='ocrx_word' id='word_1_78' title='bbox 247 1535 321 1581; x_wconf 88' lang='lat' dir='ltr'><strong>cere</strong></span> <span class='ocrx_word' id='word_1_79' title='bbox 345 1507 429 1577; x_wconf 83' lang='lat' dir='ltr'><strong>alios</strong></span> <span class='ocrx_word' id='word_1_80' title='bbox 451 1522 589 1601; x_wconf 79' lang='lat' dir='ltr'><strong>possunt</strong></span> <span class='ocrx_word' id='word_1_81' title='bbox 611 1507 674 1576; x_wconf 87' lang='lat' dir='ltr'><strong>nisi</strong></span> <span class='ocrx_word' id='word_1_82' title='bbox 697 1506 812 1586; x_wconf 83' lang='lat' dir='ltr'><strong>disseri</strong></span> <span class='ocrx_word' id='word_1_83' title='bbox 832 1523 965 1603; x_wconf 86' lang='lat' dir='ltr'><strong>queant.</strong></span> <span class='ocrx_word' id='word_1_84' title='bbox 1007 1505 1103 1577; x_wconf 88' lang='lat' dir='ltr'><strong>Nunc</strong></span> <span class='ocrx_word' id='word_1_85' title='bbox 1125 1506 1153 1576; x_wconf 88' lang='lat' dir='ltr'><strong>si</strong></span> <span class='ocrx_word' id='word_1_86' title='bbox 1175 1507 1244 1600; x_wconf 86' lang='lat' dir='ltr'><strong>pla·</strong></span> 
     </span>
    </p>
   </div>
   <div class='ocr_carea' id='block_1_3' title="bbox 248 1617 1246 1726">
    <p class='ocr_par' dir='ltr' id='par_1_5' title="bbox 248 1617 1246 1726">
     <span class='ocr_line' id='line_1_12' title="bbox 248 1617 1246 1726; baseline -0.003 -35"><span class='ocrx_word' id='word_1_87' title='bbox 248 1637 302 1703; x_wconf 88' lang='lat' dir='ltr'><strong>cet</strong></span> <span class='ocrx_word' id='word_1_88' title='bbox 321 1620 420 1689; x_wconf 89' lang='lat' dir='ltr'><strong>immo</strong></span> <span class='ocrx_word' id='word_1_89' title='bbox 445 1617 520 1712; x_wconf 86' lang='lat' dir='ltr'><strong>quia</strong></span> <span class='ocrx_word' id='word_1_90' title='bbox 544 1619 644 1687; x_wconf 85' lang='lat' dir='ltr'><strong>etsie</strong></span> <span class='ocrx_word' id='word_1_91' title='bbox 666 1617 878 1702; x_wconf 83' lang='lat' dir='ltr'><strong>consensisti,</strong></span> <span class='ocrx_word' id='word_1_92' title='bbox 905 1619 993 1712; x_wconf 84' lang='lat' dir='ltr'><strong>ipsa,</strong></span> <span class='ocrx_word' id='word_1_93' title='bbox 1023 1643 1106 1726; x_wconf 77' lang='lat' dir='ltr'><strong>quae</strong></span> <span class='ocrx_word' id='word_1_94' title='bbox 1130 1617 1246 1702; x_wconf 85' lang='lat' dir='ltr'><strong>dixisti,</strong></span> 
     </span>
    </p>
   </div>
   <div class='ocr_carea' id='block_1_4' title="bbox 131 1728 1244 1826">
    <p class='ocr_par' dir='ltr' id='par_1_6' title="bbox 131 1728 1244 1826">
     <span class='ocr_line' id='line_1_13' title="bbox 131 1728 1244 1826; baseline -0.005 -22"><span class='ocrx_word' id='word_1_95' title='bbox 131 1805 133 1814; x_wconf 25' lang='lat' dir='ltr'><em>s</em></span> <span class='ocrx_word' id='word_1_96' title='bbox 215 1796 219 1804; x_wconf 87' lang='grc'><em>,</em></span> <span class='ocrx_word' id='word_1_97' title='bbox 246 1728 483 1826; x_wconf 82' lang='lat' dir='ltr'><strong>aliquantulum</strong></span> <span class='ocrx_word' id='word_1_98' title='bbox 506 1729 656 1822; x_wconf 85' lang='lat' dir='ltr'><strong>expedire</strong></span> <span class='ocrx_word' id='word_1_99' title='bbox 680 1745 712 1800; x_wconf 93' lang='lat' dir='ltr'><strong>te</strong></span> <span class='ocrx_word' id='word_1_100' title='bbox 730 1729 816 1802; x_wconf 83' lang='lat' dir='ltr'><strong>rulo.</strong></span> <span class='ocrx_word' id='word_1_101' title='bbox 855 1728 970 1819; x_wconf 81' lang='lat' dir='ltr'><strong>Quare</strong></span> <span class='ocrx_word' id='word_1_102' title='bbox 988 1757 1079 1824; x_wconf 89' lang='lat' dir='ltr'><strong>ergo,</strong></span> <span class='ocrx_word' id='word_1_103' title='bbox 1100 1731 1244 1824; x_wconf 86' lang='lat' dir='ltr'><strong>inquam,</strong></span> 
     </span>
    </p>
   </div>
   <div class='ocr_carea' id='block_1_5' title="bbox 159 1837 1304 2047">
    <p class='ocr_par' dir='ltr' id='par_1_7' title="bbox 159 1837 1304 2047">
     <span class='ocr_line' id='line_1_14' title="bbox 247 1837 1245 1926; baseline -0.006 -10"><span class='ocrx_word' id='word_1_104' title='bbox 247 1871 323 1916; x_wconf 90' lang='lat' dir='ltr'><strong>cum</strong></span> <span class='ocrx_word' id='word_1_105' title='bbox 350 1868 419 1912; x_wconf 88' lang='lat' dir='ltr'><strong>rem</strong></span> <span class='ocrx_word' id='word_1_106' title='bbox 441 1840 576 1918; x_wconf 58' lang='lat' dir='ltr'><strong>bonam,</strong></span> <span class='ocrx_word' id='word_1_107' title='bbox 594 1841 760 1926; x_wconf 85' lang='lat' dir='ltr'><strong>definires,</strong></span> <span class='ocrx_word' id='word_1_108' title='bbox 789 1867 858 1913; x_wconf 91' lang='lat' dir='ltr'><strong>nou</strong></span> <span class='ocrx_word' id='word_1_109' title='bbox 881 1837 992 1914; x_wconf 57' lang='lat' dir='ltr'><strong>&#39;risum</strong></span> <span class='ocrx_word' id='word_1_110' title='bbox 1015 1859 1064 1912; x_wconf 87' lang='lat' dir='ltr'><strong>est</strong></span> <span class='ocrx_word' id='word_1_111' title='bbox 1087 1841 1245 1925; x_wconf 81' lang='lat' dir='ltr'><strong>sufficere,</strong></span> 
     </span>
     <span class='ocr_line' id='line_1_15' title="bbox 159 1951 1304 2047; baseline -0.004 -20"><span class='ocrx_word' id='word_1_112' title='bbox 159 1954 162 1962; x_wconf 82' lang='grc'>’</span> <span class='ocrx_word' id='word_1_113' title='bbox 246 1973 283 2026; x_wconf 86' lang='lat' dir='ltr'><strong>ut</strong></span> <span class='ocrx_word' id='word_1_114' title='bbox 306 1955 449 2036; x_wconf 83' lang='lat' dir='ltr'><strong>diceres,</strong></span> <span class='ocrx_word' id='word_1_115' title='bbox 475 1976 558 2046; x_wconf 84' lang='lat' dir='ltr'><strong>quse</strong></span> <span class='ocrx_word' id='word_1_116' title='bbox 583 1951 679 2022; x_wconf 85' lang='lat' dir='ltr'><strong>alicui</strong></span> <span class='ocrx_word' id='word_1_117' title='bbox 702 1970 780 2047; x_wconf 85' lang='lat' dir='ltr'><strong>apta</strong></span> <span class='ocrx_word' id='word_1_118' title='bbox 803 1969 854 2026; x_wconf 84' lang='lat' dir='ltr'><strong>est</strong></span> <span class='ocrx_word' id='word_1_119' title='bbox 875 1955 966 2039; x_wconf 83' lang='lat' dir='ltr'><strong>usui,</strong></span> <span class='ocrx_word' id='word_1_120' title='bbox 993 1955 1057 2027; x_wconf 85' lang='lat' dir='ltr'><strong>hoe</strong></span> <span class='ocrx_word' id='word_1_121' title='bbox 1079 1969 1129 2024; x_wconf 86' lang='lat' dir='ltr'><strong>est</strong></span> <span class='ocrx_word' id='word_1_122' title='bbox 1148 1951 1245 2030; x_wconf 76' lang='lat' dir='ltr'><strong>alicui</strong></span> <span class='ocrx_word' id='word_1_123' title='bbox 1301 2037 1304 2044; x_wconf 88' lang='lat'>.</span> 
     </span>
    </p>
   </div>
   <div class='ocr_carea' id='block_1_6' title="bbox 145 2052 581 2170">
    <p class='ocr_par' dir='ltr' id='par_1_8' title="bbox 145 2052 581 2170">
     <span class='ocr_line' id='line_1_16' title="bbox 145 2052 581 2170; baseline -0.016 -31"><span class='ocrx_word' id='word_1_124' title='bbox 145 2052 170 2170; x_wconf 15' lang='grc' dir='ltr'><strong>γ’</strong></span> <span class='ocrx_word' id='word_1_125' title='bbox 246 2066 423 2139; x_wconf 81' lang='lat' dir='ltr'><strong>commoda</strong></span> <span class='ocrx_word' id='word_1_126' title='bbox 444 2061 581 2165; x_wconf 72' lang='lat' dir='ltr'><strong>utilitati.</strong></span> 
     </span>
    </p>
   </div>
   <div class='ocr_carea' id='block_1_7' title="bbox 248 2144 1353 2388">
    <p class='ocr_par' dir='ltr' id='par_1_9' title="bbox 248 2144 1353 2388">
     <span class='ocr_line' id='line_1_17' title="bbox 336 2144 1353 2272; baseline 0 -26"><span class='ocrx_word' id='word_1_127' title='bbox 336 2176 455 2246; x_wconf 85' lang='lat' dir='ltr'><strong>Chris</strong></span> <span class='ocrx_word' id='word_1_128' title='bbox 466 2175 620 2248; x_wconf 51' lang='lat' dir='ltr'><strong>tianus}</strong></span> <span class='ocrx_word' id='word_1_129' title='bbox 636 2176 821 2246; x_wconf 81' lang='lat' dir='ltr'><strong>Commune</strong></span> <span class='ocrx_word' id='word_1_130' title='bbox 835 2144 1042 2272; x_wconf 84' lang='lat' dir='ltr'><strong>proverbium</strong></span> <span class='ocrx_word' id='word_1_131' title='bbox 1059 2195 1156 2272; x_wconf 86' lang='lat' dir='ltr'><strong>atque</strong></span> <span class='ocrx_word' id='word_1_132' title='bbox 1171 2203 1245 2272; x_wconf 86' lang='lat' dir='ltr'><strong>pro·</strong></span> <span class='ocrx_word' id='word_1_133' title='bbox 1297 2231 1300 2239; x_wconf 90' lang='lat'><em>.</em></span> <span class='ocrx_word' id='word_1_134' title='bbox 1349 2229 1353 2236; x_wconf 82' lang='lat'><em>-</em></span> 
     </span>
     <span class='ocr_line' id='line_1_18' title="bbox 248 2282 1268 2388; baseline 0 -28"><span class='ocrx_word' id='word_1_135' title='bbox 248 2289 352 2360; x_wconf 89' lang='lat' dir='ltr'><strong>babile</strong></span> <span class='ocrx_word' id='word_1_136' title='bbox 375 2287 424 2358; x_wconf 85' lang='lat' dir='ltr'><strong>vix</strong></span> <span class='ocrx_word' id='word_1_137' title='bbox 445 2285 580 2381; x_wconf 68' lang='lat' dir='ltr'><strong>aliquod</strong></span> <span class='ocrx_word' id='word_1_138' title='bbox 602 2289 726 2356; x_wconf 80' lang='lat' dir='ltr'><strong>hunum</strong></span> <span class='ocrx_word' id='word_1_139' title='bbox 750 2314 840 2371; x_wconf 84' lang='lat' dir='ltr'><strong>esse,</strong></span> <span class='ocrx_word' id='word_1_140' title='bbox 869 2291 958 2388; x_wconf 87' lang='lat' dir='ltr'><strong>quud</strong></span> <span class='ocrx_word' id='word_1_141' title='bbox 980 2282 1048 2360; x_wconf 86' lang='lat' dir='ltr'><strong>uon</strong></span> <span class='ocrx_word' id='word_1_142' title='bbox 1071 2305 1190 2384; x_wconf 77' lang='lat' dir='ltr'><strong>notent</strong></span> <span class='ocrx_word' id='word_1_143' title='bbox 1212 2303 1244 2360; x_wconf 86' lang='lat' dir='ltr'><strong>et</strong></span> <span class='ocrx_word' id='word_1_144' title='bbox 1266 2287 1268 2300; x_wconf 82' lang='lat'>&#39;</span> 
     </span>
    </p>
   </div>
   <div class='ocr_carea' id='block_1_8' title="bbox 78 2395 1243 2503">
    <p class='ocr_par' dir='ltr' id='par_1_10' title="bbox 78 2395 1243 2503">
     <span class='ocr_line' id='line_1_19' title="bbox 78 2395 1243 2503; baseline -0.013 -21"><span class='ocrx_word' id='word_1_145' title='bbox 78 2457 110 2503; x_wconf 49' lang='grc' dir='ltr'><strong>ι,</strong></span> <span class='ocrx_word' id='word_1_146' title='bbox 200 2395 203 2400; x_wconf 54' lang='grc'><strong>’</strong></span> <span class='ocrx_word' id='word_1_147' title='bbox 246 2401 385 2502; x_wconf 79' lang='lat' dir='ltr'><strong>malurn,</strong></span> <span class='ocrx_word' id='word_1_148' title='bbox 416 2397 508 2493; x_wconf 90' lang='lat' dir='ltr'><strong>quod</strong></span> <span class='ocrx_word' id='word_1_149' title='bbox 533 2423 601 2467; x_wconf 94' lang='lat' dir='ltr'><strong>nun</strong></span> <span class='ocrx_word' id='word_1_150' title='bbox 625 2398 738 2497; x_wconf 82' lang='lat' dir='ltr'><strong>prosit.</strong></span> <span class='ocrx_word' id='word_1_151' title='bbox 782 2400 886 2479; x_wconf 80' lang='lat' dir='ltr'><strong>Verbi</strong></span> <span class='ocrx_word' id='word_1_152' title='bbox 907 2401 1025 2494; x_wconf 83' lang='lat' dir='ltr'><strong>gratia:</strong></span> <span class='ocrx_word' id='word_1_153' title='bbox 1054 2400 1142 2471; x_wconf 87' lang='lat' dir='ltr'><strong>Eece</strong></span> <span class='ocrx_word' id='word_1_154' title='bbox 1163 2403 1243 2494; x_wconf 87' lang='lat' dir='ltr'><strong>jam·</strong></span> 
     </span>
    </p>
   </div>
   <div class='ocr_carea' id='block_1_9' title="bbox 143 2499 1246 2954">
    <p class='ocr_par' dir='ltr' id='par_1_11' title="bbox 143 2499 1246 2954">
     <span class='ocr_line' id='line_1_20' title="bbox 249 2499 1244 2607; baseline 0 -25"><span class='ocrx_word' id='word_1_155' title='bbox 249 2499 516 2604; x_wconf 56' lang='lat' dir='ltr'><strong>dudum‘aliquis</strong></span> <span class='ocrx_word' id='word_1_156' title='bbox 545 2509 578 2579; x_wconf 93' lang='lat' dir='ltr'><strong>in</strong></span> <span class='ocrx_word' id='word_1_157' title='bbox 608 2507 706 2580; x_wconf 86' lang='lat' dir='ltr'><strong>bouis</strong></span> <span class='ocrx_word' id='word_1_158' title='bbox 734 2514 886 2607; x_wconf 88' lang='lat' dir='ltr'><strong>operibus</strong></span> <span class='ocrx_word' id='word_1_159' title='bbox 916 2538 952 2582; x_wconf 88' lang='lat' dir='ltr'><strong>se</strong></span> <span class='ocrx_word' id='word_1_160' title='bbox 981 2511 1066 2582; x_wconf 87' lang='lat' dir='ltr'><strong>adou‘</strong></span> <span class='ocrx_word' id='word_1_161' title='bbox 1095 2512 1244 2595; x_wconf 83' lang='lat' dir='ltr'><strong>exercuit,</strong></span> 
     </span>
     <span class='ocr_line' id='line_1_21' title="bbox 143 2609 1244 2722; baseline -0.001 -29"><span class='ocrx_word' id='word_1_162' title='bbox 143 2693 145 2700; x_wconf 41' lang='lat'><strong>,</strong></span> <span class='ocrx_word' id='word_1_163' title='bbox 248 2641 283 2693; x_wconf 91' lang='lat' dir='ltr'><strong>nt</strong></span> <span class='ocrx_word' id='word_1_164' title='bbox 305 2623 382 2692; x_wconf 92' lang='lat' dir='ltr'><strong>inde</strong></span> <span class='ocrx_word' id='word_1_165' title='bbox 406 2609 536 2715; x_wconf 74' lang='lat' dir='ltr'><strong>saepius</strong></span> <span class='ocrx_word' id='word_1_166' title='bbox 559 2621 727 2706; x_wconf 81' lang='lat' dir='ltr'><strong>laudatus,</strong></span> <span class='ocrx_word' id='word_1_167' title='bbox 756 2619 806 2692; x_wconf 84' lang='lat' dir='ltr'><strong>vel</strong></span> <span class='ocrx_word' id='word_1_168' title='bbox 830 2624 878 2693; x_wconf 88' lang='lat' dir='ltr'><strong>de</strong></span> <span class='ocrx_word' id='word_1_169' title='bbox 894 2625 961 2695; x_wconf 91' lang='lat' dir='ltr'><strong>suis</strong></span> <span class='ocrx_word' id='word_1_170' title='bbox 984 2625 1126 2694; x_wconf 82' lang='lat' dir='ltr'><strong>confisus</strong></span> <span class='ocrx_word' id='word_1_171' title='bbox 1147 2624 1244 2722; x_wconf 82' lang='lat' dir='ltr'><strong>virtu-</strong></span> 
     </span>
     <span class='ocr_line' id='line_1_22' title="bbox 248 2730 1246 2828; baseline -0.002 -20"><span class='ocrx_word' id='word_1_172' title='bbox 248 2735 332 2808; x_wconf 87' lang='lat' dir='ltr'><strong>tibus</strong></span> <span class='ocrx_word' id='word_1_173' title='bbox 361 2733 396 2803; x_wconf 93' lang='lat' dir='ltr'><strong>in</strong></span> <span class='ocrx_word' id='word_1_174' title='bbox 419 2730 603 2828; x_wconf 81' lang='lat' dir='ltr'><strong>¹superbiam</strong></span> <span class='ocrx_word' id='word_1_175' title='bbox 627 2734 812 2819; x_wconf 81' lang='lat' dir='ltr'><strong>extollatur,</strong></span> <span class='ocrx_word' id='word_1_176' title='bbox 840 2736 891 2806; x_wconf 89' lang='lat' dir='ltr'><strong>vel</strong></span> <span class='ocrx_word' id='word_1_177' title='bbox 914 2735 995 2806; x_wconf 80' lang='lat' dir='ltr'><strong>alius</strong></span> <span class='ocrx_word' id='word_1_178' title='bbox 1023 2735 1145 2808; x_wconf 88' lang='lat' dir='ltr'><strong>invidia</strong></span> <span class='ocrx_word' id='word_1_179' title='bbox 1170 2736 1246 2806; x_wconf 84' lang='lat' dir='ltr'><strong>hino</strong></span> 
     </span>
     <span class='ocr_line' id='line_1_23' title="bbox 172 2833 1244 2954; baseline -0.002 -34"><span class='ocrx_word' id='word_1_180' title='bbox 172 2933 177 2954; x_wconf 44' lang='grc' dir='ltr'><strong><em>Ι</em></strong></span> <span class='ocrx_word' id='word_1_181' title='bbox 218 2833 221 2842; x_wconf 46' lang='grc'>’</span> <span class='ocrx_word' id='word_1_182' title='bbox 248 2845 455 2920; x_wconf 83' lang='lat' dir='ltr'><strong>accendatur.</strong></span> <span class='ocrx_word' id='word_1_183' title='bbox 492 2842 548 2914; x_wconf 86' lang='lat' dir='ltr'><strong>Sic</strong></span> <span class='ocrx_word' id='word_1_184' title='bbox 567 2845 675 2941; x_wconf 83' lang='lat' dir='ltr'><strong>itaque</strong></span> <span class='ocrx_word' id='word_1_185' title='bbox 699 2845 819 2916; x_wconf 88' lang='lat' dir='ltr'><strong>malum</strong></span> <span class='ocrx_word' id='word_1_186' title='bbox 843 2847 994 2918; x_wconf 88' lang='lat' dir='ltr'><strong>debono</strong></span> <span class='ocrx_word' id='word_1_187' title='bbox 1019 2865 1147 2920; x_wconf 85' lang='lat' dir='ltr'><strong>constat</strong></span> <span class='ocrx_word' id='word_1_188' title='bbox 1168 2873 1244 2945; x_wconf 91' lang='lat' dir='ltr'><strong>pro·</strong></span> 
     </span>
    </p>
   </div>
   <div class='ocr_carea' id='block_1_10' title="bbox 132 2951 1243 3058">
    <p class='ocr_par' dir='ltr' id='par_1_12' title="bbox 132 2951 1243 3058">
     <span class='ocr_line' id='line_1_24' title="bbox 132 2951 1243 3058; baseline -0.001 -26"><span class='ocrx_word' id='word_1_189' title='bbox 132 3025 135 3032; x_wconf 79' lang='grc'>,</span> <span class='ocrx_word' id='word_1_190' title='bbox 248 2957 369 3043; x_wconf 89' lang='lat' dir='ltr'><strong>venire,</strong></span> <span class='ocrx_word' id='word_1_191' title='bbox 391 2973 424 3029; x_wconf 88' lang='lat' dir='ltr'><strong>et</strong></span> <span class='ocrx_word' id='word_1_192' title='bbox 441 2953 626 3052; x_wconf 83' lang='lat' dir='ltr'><strong>frequenter</strong></span> <span class='ocrx_word' id='word_1_193' title='bbox 644 2956 722 3027; x_wconf 85' lang='lat' dir='ltr'><strong>mali</strong></span> <span class='ocrx_word' id='word_1_194' title='bbox 745 2960 841 3032; x_wconf 85' lang='lat' dir='ltr'><strong>etiam</strong></span> <span class='ocrx_word' id='word_1_195' title='bbox 862 2951 985 3029; x_wconf 78' lang='lat' dir='ltr'><strong>bonam</strong></span> <span class='ocrx_word' id='word_1_196' title='bbox 1006 2984 1139 3030; x_wconf 89' lang='lat' dir='ltr'><strong>causam</strong></span> <span class='ocrx_word' id='word_1_197' title='bbox 1152 2985 1243 3058; x_wconf 84' lang='lat' dir='ltr'><strong>esse.</strong></span> 
     </span>
    </p>
   </div>
   <div class='ocr_carea' id='block_1_11' title="bbox 188 3065 1244 3166">
    <p class='ocr_par' dir='ltr' id='par_1_13' title="bbox 188 3065 1244 3166">
     <span class='ocr_line' id='line_1_25' title="bbox 188 3065 1244 3166; baseline 0.001 -26"><span class='ocrx_word' id='word_1_198' title='bbox 188 3091 196 3104; x_wconf 86' lang='lat'><strong><em>‘</em></strong></span> <span class='ocrx_word' id='word_1_199' title='bbox 249 3069 382 3165; x_wconf 80' lang='lat' dir='ltr'><strong>Quippe</strong></span> <span class='ocrx_word' id='word_1_200' title='bbox 409 3068 486 3140; x_wconf 87' lang='lat' dir='ltr'><strong>vitiu</strong></span> <span class='ocrx_word' id='word_1_201' title='bbox 508 3076 620 3139; x_wconf 81' lang='lat' dir='ltr'><strong>uo&#39;strn</strong></span> <span class='ocrx_word' id='word_1_202' title='bbox 647 3069 697 3140; x_wconf 89' lang='lat' dir='ltr'><strong>vel</strong></span> <span class='ocrx_word' id='word_1_203' title='bbox 726 3065 876 3165; x_wconf 81' lang='lat' dir='ltr'><strong>peccata,</strong></span> <span class='ocrx_word' id='word_1_204' title='bbox 899 3093 983 3166; x_wconf 84' lang='lat' dir='ltr'><strong>quau</strong></span> <span class='ocrx_word' id='word_1_205' title='bbox 1009 3087 1087 3140; x_wconf 87' lang='lat' dir='ltr'><strong>suut</strong></span> <span class='ocrx_word' id='word_1_206' title='bbox 1114 3071 1244 3166; x_wconf 86' lang='lat' dir='ltr'><strong>proprie</strong></span> 
     </span>
    </p>
   </div>
   <div class='ocr_carea' id='block_1_12' title="bbox 128 3179 1401 3400">
    <p class='ocr_par' dir='ltr' id='par_1_14' title="bbox 128 3179 1401 3400">
     <span class='ocr_line' id='line_1_26' title="bbox 128 3179 1332 3272; baseline 0.002 -20"><span class='ocrx_word' id='word_1_207' title='bbox 128 3213 132 3218; x_wconf 93' lang='lat'>·</span> <span class='ocrx_word' id='word_1_208' title='bbox 218 3181 519 3266; x_wconf 58' lang='lat' dir='ltr'><strong>amaia&#39;dicenda,</strong></span> <span class='ocrx_word' id='word_1_209' title='bbox 553 3179 687 3252; x_wconf 77' lang='lat' dir='ltr'><strong>nonnisi</strong></span> <span class='ocrx_word' id='word_1_210' title='bbox 714 3181 748 3251; x_wconf 91' lang='lat' dir='ltr'><strong>in</strong></span> <span class='ocrx_word' id='word_1_211' title='bbox 777 3183 887 3252; x_wconf 82' lang='lat' dir='ltr'><strong>anima</strong></span> <span class='ocrx_word' id='word_1_212' title='bbox 919 3181 973 3250; x_wconf 84' lang='lat' dir='ltr'><strong>vel</strong></span> <span class='ocrx_word' id='word_1_213' title='bbox 997 3181 1093 3250; x_wconf 83' lang='lat' dir='ltr'><strong>bunis</strong></span> <span class='ocrx_word' id='word_1_214' title='bbox 1123 3181 1245 3254; x_wconf 80' lang='lat' dir='ltr'><strong>habeut</strong></span> <span class='ocrx_word' id='word_1_215' title='bbox 1330 3267 1332 3272; x_wconf 23' lang='grc' dir='ltr'>Ι</span> 
     </span>
     <span class='ocr_line' id='line_1_27' title="bbox 249 3277 1401 3400; baseline 0.003 -38"><span class='ocrx_word' id='word_1_216' title='bbox 249 3292 428 3370; x_wconf 76' lang='lat' dir='ltr'><strong>consistere</strong></span> <span class='ocrx_word' id='word_1_217' title='bbox 457 3293 625 3376; x_wconf 81' lang='lat' dir='ltr'><strong>creaturis,</strong></span> <span class='ocrx_word' id='word_1_218' title='bbox 653 3318 715 3362; x_wconf 88' lang='lat' dir='ltr'><strong>uec</strong></span> <span class='ocrx_word' id='word_1_219' title='bbox 737 3293 800 3364; x_wconf 88' lang='lat' dir='ltr'><strong>nisi</strong></span> <span class='ocrx_word' id='word_1_220' title='bbox 828 3319 852 3363; x_wconf 82' lang='lat' dir='ltr'><strong>a</strong></span> <span class='ocrx_word' id='word_1_221' title='bbox 869 3294 959 3400; x_wconf 64' lang='lat' dir='ltr'><strong>pono</strong></span> <span class='ocrx_word' id='word_1_222' title='bbox 982 3317 1114 3386; x_wconf 83' lang='lat' dir='ltr'><strong>surgere</strong></span> <span class='ocrx_word' id='word_1_223' title='bbox 1139 3297 1245 3390; x_wconf 87' lang='lat' dir='ltr'><strong>possit</strong></span> <span class='ocrx_word' id='word_1_224' title='bbox 1346 3375 1356 3387; x_wconf 21' lang='grc' dir='ltr'>ἢ</span> <span class='ocrx_word' id='word_1_225' title='bbox 1398 3277 1401 3302; x_wconf 71' lang='grc'><strong>’</strong></span> 
     </span>
    </p>
   </div>
   <div class='ocr_carea' id='block_1_13' title="bbox 210 3402 1353 3836">
    <p class='ocr_par' dir='ltr' id='par_1_15' title="bbox 210 3402 1353 3836">
     <span class='ocr_line' id='line_1_28' title="bbox 210 3402 1243 3502; baseline 0.004 -28"><span class='ocrx_word' id='word_1_226' title='bbox 210 3403 226 3482; x_wconf 78' lang='grc'><strong>’,</strong></span> <span class='ocrx_word' id='word_1_227' title='bbox 250 3403 435 3497; x_wconf 68' lang='lat' dir='ltr'><strong>corruptio,</strong></span> <span class='ocrx_word' id='word_1_228' title='bbox 479 3402 552 3496; x_wconf 89' lang='lat' dir='ltr'><strong>quis</strong></span> <span class='ocrx_word' id='word_1_229' title='bbox 582 3405 786 3473; x_wconf 84' lang='lat' dir='ltr'><strong>econtrario</strong></span> <span class='ocrx_word' id='word_1_230' title='bbox 815 3429 884 3474; x_wconf 91' lang='lat' dir='ltr'><strong>non</strong></span> <span class='ocrx_word' id='word_1_231' title='bbox 906 3404 1030 3489; x_wconf 87' lang='lat' dir='ltr'><strong>videat,</strong></span> <span class='ocrx_word' id='word_1_232' title='bbox 1058 3429 1158 3502; x_wconf 82' lang='lat' dir='ltr'><strong>saepe</strong></span> <span class='ocrx_word' id='word_1_233' title='bbox 1185 3407 1243 3478; x_wconf 84' lang='lat' dir='ltr'><strong>hu·</strong></span> 
     </span>
     <span class='ocr_line' id='line_1_29' title="bbox 248 3513 1338 3608; baseline 0.006 -26"><span class='ocrx_word' id='word_1_234' title='bbox 248 3513 353 3582; x_wconf 87' lang='lat' dir='ltr'><strong>mines</strong></span> <span class='ocrx_word' id='word_1_235' title='bbox 381 3529 457 3608; x_wconf 90' lang='lat' dir='ltr'><strong>pust</strong></span> <span class='ocrx_word' id='word_1_236' title='bbox 477 3537 614 3605; x_wconf 87' lang='lat' dir='ltr'><strong>magnas</strong></span> <span class='ocrx_word' id='word_1_237' title='bbox 636 3531 845 3608; x_wconf 82' lang='lat' dir='ltr'><strong>peccatorum</strong></span> <span class='ocrx_word' id='word_1_238' title='bbox 869 3516 980 3585; x_wconf 88' lang='lat' dir='ltr'><strong>ruinas</strong></span> <span class='ocrx_word' id='word_1_239' title='bbox 1007 3515 1159 3589; x_wconf 83' lang='lat' dir='ltr'><strong>fortiores</strong></span> <span class='ocrx_word' id='word_1_240' title='bbox 1186 3535 1244 3588; x_wconf 82' lang='lat' dir='ltr'><strong>aut</strong></span> <span class='ocrx_word' id='word_1_241' title='bbox 1332 3591 1338 3602; x_wconf 71' lang='grc'>,</span> 
     </span>
     <span class='ocr_line' id='line_1_30' title="bbox 248 3611 1243 3722; baseline 0.006 -30"><span class='ocrx_word' id='word_1_242' title='bbox 248 3623 400 3713; x_wconf 84' lang='lat' dir='ltr'><strong>meliores</strong></span> <span class='ocrx_word' id='word_1_243' title='bbox 430 3649 489 3719; x_wconf 90' lang='lat' dir='ltr'><strong>per</strong></span> <span class='ocrx_word' id='word_1_244' title='bbox 517 3611 730 3714; x_wconf 84' lang='lat' dir='ltr'><strong>humilitatem</strong></span> <span class='ocrx_word' id='word_1_245' title='bbox 758 3625 809 3697; x_wconf 85' lang='lat' dir='ltr'><strong>vel</strong></span> <span class='ocrx_word' id='word_1_246' title='bbox 838 3627 1072 3722; x_wconf 86' lang='lat' dir='ltr'><strong>poeniteutiam</strong></span> <span class='ocrx_word' id='word_1_247' title='bbox 1101 3654 1243 3722; x_wconf 82' lang='lat' dir='ltr'><strong>surgere,</strong></span> 
     </span>
     <span class='ocr_line' id='line_1_31' title="bbox 250 3734 1353 3836; baseline 0.009 -34"><span class='ocrx_word' id='word_1_248' title='bbox 250 3759 348 3829; x_wconf 85' lang='lat' dir='ltr'><strong>quam</strong></span> <span class='ocrx_word' id='word_1_249' title='bbox 381 3751 478 3806; x_wconf 85' lang='lat' dir='ltr'><strong>antea</strong></span> <span class='ocrx_word' id='word_1_250' title='bbox 499 3734 651 3814; x_wconf 65' lang='lat' dir='ltr'><strong>inerint?</strong></span> <span class='ocrx_word' id='word_1_251' title='bbox 695 3737 807 3832; x_wconf 83' lang='lat' dir='ltr'><strong>Ipsam</strong></span> <span class='ocrx_word' id='word_1_252' title='bbox 833 3737 973 3836; x_wconf 87' lang='lat' dir='ltr'><strong>denique</strong></span> <span class='ocrx_word' id='word_1_253' title='bbox 1009 3740 1243 3834; x_wconf 88' lang='lat' dir='ltr'><strong>poenitentiam</strong></span> <span class='ocrx_word' id='word_1_254' title='bbox 1328 3777 1353 3812; x_wconf 24' lang='grc' dir='ltr'><strong>Α.</strong></span> 
     </span>
    </p>
   </div>
   <div class='ocr_carea' id='block_1_14' title="bbox 122 3843 1242 3942">
    <p class='ocr_par' dir='ltr' id='par_1_16' title="bbox 122 3843 1242 3942">
     <span class='ocr_line' id='line_1_32' title="bbox 122 3843 1242 3942; baseline -0.003 -22"><span class='ocrx_word' id='word_1_255' title='bbox 122 3847 125 3856; x_wconf 84' lang='grc'><strong>’</strong></span> <span class='ocrx_word' id='word_1_256' title='bbox 201 3843 203 3848; x_wconf 62' lang='grc'>’</span> <span class='ocrx_word' id='word_1_257' title='bbox 248 3846 393 3942; x_wconf 73' lang='lat' dir='ltr'><strong>peccati,</strong></span> <span class='ocrx_word' id='word_1_258' title='bbox 417 3847 494 3942; x_wconf 80' lang='lat' dir='ltr'><strong>quis</strong></span> <span class='ocrx_word' id='word_1_259' title='bbox 522 3847 638 3919; x_wconf 86' lang='lat' dir='ltr'><strong>montis</strong></span> <span class='ocrx_word' id='word_1_260' title='bbox 665 3847 798 3920; x_wconf 87' lang='lat' dir='ltr'><strong>afflictio</strong></span> <span class='ocrx_word' id='word_1_261' title='bbox 821 3864 888 3934; x_wconf 87' lang='lat' dir='ltr'><strong>est,</strong></span> <span class='ocrx_word' id='word_1_262' title='bbox 915 3857 977 3920; x_wconf 77' lang='lat' dir='ltr'><strong>neo</strong></span> <span class='ocrx_word' id='word_1_263' title='bbox 1005 3876 1078 3920; x_wconf 90' lang='lat' dir='ltr'><strong>cum</strong></span> <span class='ocrx_word' id='word_1_264' title='bbox 1105 3850 1242 3920; x_wconf 81' lang='lat' dir='ltr'><strong>heatitu-</strong></span> 
     </span>
    </p>
   </div>
   <div class='ocr_carea' id='block_1_15' title="bbox 248 3947 1242 4058">
    <p class='ocr_par' dir='ltr' id='par_1_17' title="bbox 248 3947 1242 4058">
     <span class='ocr_line' id='line_1_33' title="bbox 248 3947 1242 4058; baseline 0.001 -27"><span class='ocrx_word' id='word_1_265' title='bbox 248 3959 325 4034; x_wconf 85' lang='lat' dir='ltr'><strong>dine</strong></span> <span class='ocrx_word' id='word_1_266' title='bbox 341 3947 496 4054; x_wconf 63' lang='lat' dir='ltr'><strong>penfecte&#39;,</strong></span> <span class='ocrx_word' id='word_1_267' title='bbox 517 3960 594 4058; x_wconf 83' lang='lat' dir='ltr'><strong>quia</strong></span> <span class='ocrx_word' id='word_1_268' title='bbox 613 3960 761 4034; x_wconf 87' lang='lat' dir='ltr'><strong>dolorem</strong></span> <span class='ocrx_word' id='word_1_269' title='bbox 776 3951 904 4058; x_wconf 82' lang='lat' dir='ltr'><strong>ingerit,</strong></span> <span class='ocrx_word' id='word_1_270' title='bbox 926 3964 1100 4034; x_wconf 80' lang='lat' dir='ltr'><strong>convenire</strong></span> <span class='ocrx_word' id='word_1_271' title='bbox 1122 3977 1242 4056; x_wconf 86' lang='lat' dir='ltr'><strong>potest,</strong></span> 
     </span>
    </p>
   </div>
   <div class='ocr_carea' id='block_1_16' title="bbox 0 0 1409 4492">
    <p class='ocr_par' dir='ltr' id='par_1_18' title="bbox 0 0 1409 4492">
     <span class='ocr_line' id='line_1_34' title="bbox 0 0 1409 4492; baseline 0 0"><span class='ocrx_word' id='word_1_272' title='bbox 0 0 1409 4492; x_wconf 95' lang='lat' dir='ltr'><strong> </strong></span> 
     </span>
    </p>
   </div>
  </div>
 </body>
</html>
