<?xml version="1.0" encoding="UTF-8"?>
<!DOCTYPE html PUBLIC "-//W3C//DTD XHTML 1.0 Transitional//EN"
    "http://www.w3.org/TR/xhtml1/DTD/xhtml1-transitional.dtd">
<html xmlns="http://www.w3.org/1999/xhtml" xml:lang="en" lang="en">
 <head>
  <title>
</title>
<meta http-equiv="Content-Type" content="text/html;charset=utf-8" />
  <meta name='ocr-system' content='tesseract 3.04.00' />
  <meta name='ocr-capabilities' content='ocr_page ocr_carea ocr_par ocr_line ocrx_word'/>
</head>
<body>
  <div class='ocr_page' id='page_1' title='image "./dialogusinterph00abelgoog_0169.png"; bbox 0 0 2806 4492; ppageno 0'>
   <div class='ocr_carea' id='block_1_1' title="bbox 1076 271 1162 341">
    <p class='ocr_par' dir='ltr' id='par_1_1' title="bbox 1076 271 1162 341">
     <span class='ocr_line' id='line_1_1' title="bbox 1076 271 1162 341; baseline -0.035 0"><span class='ocrx_word' id='word_1_1' title='bbox 1076 271 1162 341; x_wconf 89' lang='lat' dir='ltr'><strong>XXI</strong></span> 
     </span>
    </p>
   </div>
   <div class='ocr_carea' id='block_1_2' title="bbox 149 432 1197 564">
    <p class='ocr_par' dir='ltr' id='par_1_2' title="bbox 149 432 1197 564">
     <span class='ocr_line' id='line_1_2' title="bbox 149 432 1197 564; baseline -0.011 -22"><span class='ocrx_word' id='word_1_2' title='bbox 149 461 276 542; x_wconf 87' lang='lat' dir='ltr'><strong>babes</strong></span> <span class='ocrx_word' id='word_1_3' title='bbox 309 435 477 537; x_wconf 87' lang='lat' dir='ltr'><strong>latinum</strong></span> <span class='ocrx_word' id='word_1_4' title='bbox 519 432 777 553; x_wconf 86' lang='lat' dir='ltr'><strong>sermonem,</strong></span> <span class='ocrx_word' id='word_1_5' title='bbox 819 481 899 564; x_wconf 90' lang='lat' dir='ltr'><strong>quo</strong></span> <span class='ocrx_word' id='word_1_6' title='bbox 929 450 1197 553; x_wconf 80' lang='lat' dir='ltr'><strong>delecteris,‘</strong></span> 
     </span>
    </p>
   </div>
   <div class='ocr_carea' id='block_1_3' title="bbox 150 599 1156 715">
    <p class='ocr_par' dir='ltr' id='par_1_3' title="bbox 150 599 1156 715">
     <span class='ocr_line' id='line_1_3' title="bbox 150 599 1156 715; baseline -0.007 -31"><span class='ocrx_word' id='word_1_7' title='bbox 150 599 322 715; x_wconf 83' lang='lat' dir='ltr'><strong>prorsus</strong></span> <span class='ocrx_word' id='word_1_8' title='bbox 342 604 551 684; x_wconf 87' lang='lat' dir='ltr'><strong>diversum</strong></span> <span class='ocrx_word' id='word_1_9' title='bbox 568 605 620 684; x_wconf 85' lang='lat' dir='ltr'><strong>ab</strong></span> <span class='ocrx_word' id='word_1_10' title='bbox 637 603 687 684; x_wconf 89' lang='lat' dir='ltr'><strong>eo</strong></span> <span class='ocrx_word' id='word_1_11' title='bbox 706 629 912 704; x_wconf 84' lang='lat' dir='ltr'><strong>sermone,</strong></span> <span class='ocrx_word' id='word_1_12' title='bbox 929 601 996 711; x_wconf 93' lang='lat' dir='ltr'><strong>qui</strong></span> <span class='ocrx_word' id='word_1_13' title='bbox 1012 601 1055 679; x_wconf 96' lang='lat' dir='ltr'><strong>in</strong></span> <span class='ocrx_word' id='word_1_14' title='bbox 1068 600 1156 679; x_wconf 89' lang='lat' dir='ltr'><strong>istis</strong></span> 
     </span>
    </p>
   </div>
   <div class='ocr_carea' id='block_1_4' title="bbox 1 731 1158 867">
    <p class='ocr_par' dir='ltr' id='par_1_4' title="bbox 1 731 1158 867">
     <span class='ocr_line' id='line_1_4' title="bbox 1 731 1158 867; baseline -0.01 -33"><span class='ocrx_word' id='word_1_15' title='bbox 1 772 3 791; x_wconf 84' lang='lat'>&#39;</span> <span class='ocrx_word' id='word_1_16' title='bbox 80 861 83 867; x_wconf 20' lang='grc' dir='ltr'>Ι</span> <span class='ocrx_word' id='word_1_17' title='bbox 150 750 355 832; x_wconf 85' lang='lat' dir='ltr'><strong>barbariei</strong></span> <span class='ocrx_word' id='word_1_18' title='bbox 373 749 626 857; x_wconf 83' lang='lat' dir='ltr'><strong>temporibus</strong></span> <span class='ocrx_word' id='word_1_19' title='bbox 643 731 884 830; x_wconf 82' lang='lat' dir='ltr'><strong>invaluerat.</strong></span> <span class='ocrx_word' id='word_1_20' title='bbox 933 747 1091 828; x_wconf 88' lang='lat' dir='ltr'><strong>Noster</strong></span> <span class='ocrx_word' id='word_1_21' title='bbox 1114 745 1158 823; x_wconf 89' lang='lat' dir='ltr'><strong>li-</strong></span> 
     </span>
    </p>
   </div>
   <div class='ocr_carea' id='block_1_5' title="bbox 138 895 1264 1881">
    <p class='ocr_par' dir='ltr' id='par_1_5' title="bbox 138 895 1264 1881">
     <span class='ocr_line' id='line_1_5' title="bbox 151 895 1158 1004; baseline -0.003 -27"><span class='ocrx_word' id='word_1_22' title='bbox 151 895 281 977; x_wconf 86' lang='lat' dir='ltr'><strong>bellus</strong></span> <span class='ocrx_word' id='word_1_23' title='bbox 301 896 451 978; x_wconf 82' lang='lat' dir='ltr'><strong>affatim</strong></span> <span class='ocrx_word' id='word_1_24' title='bbox 466 895 629 1004; x_wconf 83' lang='lat' dir='ltr'><strong>probat,</strong></span> <span class='ocrx_word' id='word_1_25' title='bbox 653 909 866 976; x_wconf 78' lang='lat' dir='ltr'><strong>auctorem</strong></span> <span class='ocrx_word' id='word_1_26' title='bbox 890 910 1076 973; x_wconf 88' lang='lat' dir='ltr'><strong>nostrum</strong></span> <span class='ocrx_word' id='word_1_27' title='bbox 1094 919 1158 974; x_wconf 83' lang='lat' dir='ltr'><strong>ee-</strong></span> 
     </span>
     <span class='ocr_line' id='line_1_6' title="bbox 154 1035 1157 1154; baseline -0.001 -34"><span class='ocrx_word' id='word_1_28' title='bbox 154 1068 232 1154; x_wconf 85' lang='lat' dir='ltr'><strong>que</strong></span> <span class='ocrx_word' id='word_1_29' title='bbox 255 1056 376 1150; x_wconf 81' lang='lat' dir='ltr'><strong>atque</strong></span> <span class='ocrx_word' id='word_1_30' title='bbox 391 1039 666 1121; x_wconf 88' lang='lat' dir='ltr'><strong>Abaelardum</strong></span> <span class='ocrx_word' id='word_1_31' title='bbox 692 1035 853 1119; x_wconf 88' lang='lat' dir='ltr'><strong>assidue</strong></span> <span class='ocrx_word' id='word_1_32' title='bbox 877 1039 919 1118; x_wconf 94' lang='lat' dir='ltr'><strong>in</strong></span> <span class='ocrx_word' id='word_1_33' title='bbox 937 1039 1157 1121; x_wconf 76' lang='lat' dir='ltr'><strong>tractandis</strong></span> 
     </span>
     <span class='ocr_line' id='line_1_7' title="bbox 155 1185 1159 1294; baseline -0.001 -25"><span class='ocrx_word' id='word_1_34' title='bbox 155 1205 196 1269; x_wconf 89' lang='lat' dir='ltr'><strong>et</strong></span> <span class='ocrx_word' id='word_1_35' title='bbox 216 1186 429 1268; x_wconf 85' lang='lat' dir='ltr'>volvendis</span> <span class='ocrx_word' id='word_1_36' title='bbox 455 1185 700 1294; x_wconf 86' lang='lat' dir='ltr'><strong>antiquitatis</strong></span> <span class='ocrx_word' id='word_1_37' title='bbox 722 1185 1011 1294; x_wconf 79' lang='lat' dir='ltr'><strong>scriptoribus,</strong></span> <span class='ocrx_word' id='word_1_38' title='bbox 1050 1187 1159 1268; x_wconf 85' lang='lat' dir='ltr'><strong>Cice·</strong></span> 
     </span>
     <span class='ocr_line' id='line_1_8' title="bbox 138 1330 1060 1420; baseline -0.004 -6"><span class='ocrx_word' id='word_1_39' title='bbox 138 1333 271 1414; x_wconf 34' lang='lat' dir='ltr'><strong>‘renis</strong></span> <span class='ocrx_word' id='word_1_40' title='bbox 308 1331 466 1420; x_wconf 86' lang='lat' dir='ltr'><strong>Horatii</strong></span> <span class='ocrx_word' id='word_1_41' title='bbox 495 1331 671 1411; x_wconf 89' lang='lat' dir='ltr'><strong>aliorum</strong></span> <span class='ocrx_word' id='word_1_42' title='bbox 697 1330 818 1411; x_wconf 89' lang='lat' dir='ltr'><strong>fuisse</strong></span> <span class='ocrx_word' id='word_1_43' title='bbox 837 1343 1060 1413; x_wconf 88' lang='lat' dir='ltr'><strong>versatum.</strong></span> 
     </span>
     <span class='ocr_line' id='line_1_9' title="bbox 264 1476 1217 1594; baseline -0.002 -35"><span class='ocrx_word' id='word_1_44' title='bbox 264 1478 428 1594; x_wconf 59' lang='lat' dir='ltr'><strong>vQuodn</strong></span> <span class='ocrx_word' id='word_1_45' title='bbox 445 1498 498 1558; x_wconf 82' lang='lat' dir='ltr'><strong>ex</strong></span> <span class='ocrx_word' id='word_1_46' title='bbox 525 1477 588 1556; x_wconf 88' lang='lat' dir='ltr'><strong>his</strong></span> <span class='ocrx_word' id='word_1_47' title='bbox 611 1477 854 1557; x_wconf 84' lang='lat' dir='ltr'><strong>concludere</strong></span> <span class='ocrx_word' id='word_1_48' title='bbox 872 1477 986 1580; x_wconf 84' lang='lat' dir='ltr'><strong>licet,</strong></span> <span class='ocrx_word' id='word_1_49' title='bbox 1009 1476 1158 1557; x_wconf 90' lang='lat' dir='ltr'><strong>librum</strong></span> <span class='ocrx_word' id='word_1_50' title='bbox 1213 1489 1217 1494; x_wconf 86' lang='lat'>&#39;</span> 
     </span>
     <span class='ocr_line' id='line_1_10' title="bbox 158 1622 1160 1733; baseline -0.002 -29"><span class='ocrx_word' id='word_1_51' title='bbox 158 1627 344 1705; x_wconf 86' lang='lat' dir='ltr'><strong>nostrum</strong></span> <span class='ocrx_word' id='word_1_52' title='bbox 366 1649 466 1704; x_wconf 84' lang='lat' dir='ltr'><strong>vere</strong></span> <span class='ocrx_word' id='word_1_53' title='bbox 484 1623 537 1703; x_wconf 88' lang='lat' dir='ltr'><strong>ab</strong></span> <span class='ocrx_word' id='word_1_54' title='bbox 553 1622 786 1706; x_wconf 87' lang='lat' dir='ltr'><strong>Abaelardo</strong></span> <span class='ocrx_word' id='word_1_55' title='bbox 809 1623 1007 1733; x_wconf 89' lang='lat' dir='ltr'><strong>scriptum</strong></span> <span class='ocrx_word' id='word_1_56' title='bbox 1023 1623 1160 1725; x_wconf 81' lang='lat' dir='ltr'><strong>fuisse,</strong></span> 
     </span>
     <span class='ocr_line' id='line_1_11' title="bbox 158 1741 1264 1881; baseline 0.005 -34"><span class='ocrx_word' id='word_1_57' title='bbox 158 1796 288 1878; x_wconf 87' lang='lat' dir='ltr'><strong>porro</strong></span> <span class='ocrx_word' id='word_1_58' title='bbox 304 1767 632 1880; x_wconf 83' lang='lat' dir='ltr'><strong>investigandum</strong></span> <span class='ocrx_word' id='word_1_59' title='bbox 655 1773 755 1874; x_wconf 85' lang='lat' dir='ltr'><strong>erit,</strong></span> <span class='ocrx_word' id='word_1_60' title='bbox 781 1799 860 1881; x_wconf 92' lang='lat' dir='ltr'><strong>quo</strong></span> <span class='ocrx_word' id='word_1_61' title='bbox 874 1741 1045 1852; x_wconf 74' lang='lat' dir='ltr'><strong>¹circiter</strong></span> <span class='ocrx_word' id='word_1_62' title='bbox 1063 1787 1162 1852; x_wconf 90' lang='lat' dir='ltr'><strong>tem·</strong></span> <span class='ocrx_word' id='word_1_63' title='bbox 1256 1762 1264 1770; x_wconf 53' lang='grc'><strong><em>’</em></strong></span> 
     </span>
    </p>
   </div>
   <div class='ocr_carea' id='block_1_6' title="bbox 158 1909 1374 2037">
    <p class='ocr_par' dir='ltr' id='par_1_6' title="bbox 158 1909 1374 2037">
     <span class='ocr_line' id='line_1_12' title="bbox 158 1909 1374 2037; baseline -0.003 -37"><span class='ocrx_word' id='word_1_64' title='bbox 158 1943 262 2024; x_wconf 87' lang='lat' dir='ltr'><strong>pore</strong></span> <span class='ocrx_word' id='word_1_65' title='bbox 283 1917 325 1996; x_wconf 92' lang='lat' dir='ltr'><strong>in</strong></span> <span class='ocrx_word' id='word_1_66' title='bbox 345 1915 551 2027; x_wconf 89' lang='lat' dir='ltr'><strong>publicum</strong></span> <span class='ocrx_word' id='word_1_67' title='bbox 569 1916 798 2024; x_wconf 81' lang='lat' dir='ltr'><strong>prodierit?</strong></span> <span class='ocrx_word' id='word_1_68' title='bbox 838 1917 940 2020; x_wconf 81' lang='lat' dir='ltr'><strong>Cum</strong></span> <span class='ocrx_word' id='word_1_69' title='bbox 957 1919 1096 2026; x_wconf 85' lang='lat' dir='ltr'><strong>igitur,</strong></span> <span class='ocrx_word' id='word_1_70' title='bbox 1116 1931 1162 1998; x_wconf 89' lang='lat' dir='ltr'><strong>ut</strong></span> <span class='ocrx_word' id='word_1_71' title='bbox 1247 2015 1256 2037; x_wconf 29' lang='grc' dir='ltr'><strong>ι</strong></span> <span class='ocrx_word' id='word_1_72' title='bbox 1371 1909 1374 1920; x_wconf 70' lang='grc'>’</span> 
     </span>
    </p>
   </div>
   <div class='ocr_carea' id='block_1_7' title="bbox 160 2062 1161 2174">
    <p class='ocr_par' dir='ltr' id='par_1_7' title="bbox 160 2062 1161 2174">
     <span class='ocr_line' id='line_1_13' title="bbox 160 2062 1161 2174; baseline 0.002 -34"><span class='ocrx_word' id='word_1_73' title='bbox 160 2089 285 2169; x_wconf 89' lang='lat' dir='ltr'><strong>supra</strong></span> <span class='ocrx_word' id='word_1_74' title='bbox 299 2116 303 2126; x_wconf 80' lang='lat'>,</span> <span class='ocrx_word' id='word_1_75' title='bbox 317 2062 710 2165; x_wconf 84' lang='lat' dir='ltr'><strong>demonstravimus,</strong></span> <span class='ocrx_word' id='word_1_76' title='bbox 752 2089 912 2143; x_wconf 90' lang='lat' dir='ltr'><strong>summa</strong></span> <span class='ocrx_word' id='word_1_77' title='bbox 938 2062 1161 2174; x_wconf 80' lang='lat' dir='ltr'><strong>similitudo</strong></span> 
     </span>
    </p>
   </div>
   <div class='ocr_carea' id='block_1_8' title="bbox 158 2207 1330 2319">
    <p class='ocr_par' dir='ltr' id='par_1_8' title="bbox 158 2207 1330 2319">
     <span class='ocr_line' id='line_1_14' title="bbox 158 2207 1330 2319; baseline 0.003 -32"><span class='ocrx_word' id='word_1_78' title='bbox 158 2207 268 2287; x_wconf 88' lang='lat' dir='ltr'><strong>inter</strong></span> <span class='ocrx_word' id='word_1_79' title='bbox 291 2222 478 2287; x_wconf 81' lang='lat' dir='ltr'><strong>nostrum</strong></span> <span class='ocrx_word' id='word_1_80' title='bbox 500 2209 650 2288; x_wconf 88' lang='lat' dir='ltr'><strong>librum</strong></span> <span class='ocrx_word' id='word_1_81' title='bbox 676 2221 797 2319; x_wconf 81' lang='lat' dir='ltr'><strong>atque</strong></span> <span class='ocrx_word' id='word_1_82' title='bbox 816 2208 1161 2290; x_wconf 79' lang='lat' dir='ltr'><strong>introductionem</strong></span> <span class='ocrx_word' id='word_1_83' title='bbox 1211 2295 1215 2303; x_wconf 65' lang='grc'><strong>,</strong></span> <span class='ocrx_word' id='word_1_84' title='bbox 1329 2223 1330 2230; x_wconf 78' lang='grc'>’</span> 
     </span>
    </p>
   </div>
   <div class='ocr_carea' id='block_1_9' title="bbox 138 2352 1245 2904">
    <p class='ocr_par' dir='ltr' id='par_1_9' title="bbox 138 2352 1245 2904">
     <span class='ocr_line' id='line_1_15' title="bbox 138 2352 1163 2455; baseline 0.006 -26"><span class='ocrx_word' id='word_1_85' title='bbox 138 2352 407 2454; x_wconf 77' lang='lat' dir='ltr'><strong>intercedat,</strong></span> <span class='ocrx_word' id='word_1_86' title='bbox 437 2355 562 2435; x_wconf 88' lang='lat' dir='ltr'><strong>cardo</strong></span> <span class='ocrx_word' id='word_1_87' title='bbox 587 2355 649 2436; x_wconf 88' lang='lat' dir='ltr'><strong>rei</strong></span> <span class='ocrx_word' id='word_1_88' title='bbox 679 2355 722 2433; x_wconf 94' lang='lat' dir='ltr'><strong>in</strong></span> <span class='ocrx_word' id='word_1_89' title='bbox 746 2382 795 2434; x_wconf 92' lang='lat' dir='ltr'><strong>eo</strong></span> <span class='ocrx_word' id='word_1_90' title='bbox 819 2354 1033 2455; x_wconf 77' lang='lat' dir='ltr'><strong>versatur,</strong></span> <span class='ocrx_word' id='word_1_91' title='bbox 1063 2383 1163 2435; x_wconf 93' lang='lat' dir='ltr'><strong>num</strong></span> 
     </span>
     <span class='ocr_line' id='line_1_16' title="bbox 160 2498 1245 2610; baseline -0.001 -29"><span class='ocrx_word' id='word_1_92' title='bbox 160 2498 311 2581; x_wconf 89' lang='lat' dir='ltr'><strong>librum</strong></span> <span class='ocrx_word' id='word_1_93' title='bbox 328 2515 516 2580; x_wconf 86' lang='lat' dir='ltr'><strong>nostrum</strong></span> <span class='ocrx_word' id='word_1_94' title='bbox 539 2502 671 2610; x_wconf 85' lang='lat' dir='ltr'><strong>priori</strong></span> <span class='ocrx_word' id='word_1_95' title='bbox 699 2503 764 2582; x_wconf 89' lang='lat' dir='ltr'><strong>vel</strong></span> <span class='ocrx_word' id='word_1_96' title='bbox 793 2502 940 2582; x_wconf 88' lang='lat' dir='ltr'><strong>seriori</strong></span> <span class='ocrx_word' id='word_1_97' title='bbox 976 2516 1163 2609; x_wconf 88' lang='lat' dir='ltr'><strong>tempore</strong></span> <span class='ocrx_word' id='word_1_98' title='bbox 1244 2540 1245 2544; x_wconf 12' lang='grc' dir='ltr'><strong><em>Ν</em></strong></span> 
     </span>
     <span class='ocr_line' id='line_1_17' title="bbox 161 2646 1164 2757; baseline 0 -31"><span class='ocrx_word' id='word_1_99' title='bbox 161 2663 282 2756; x_wconf 88' lang='lat' dir='ltr'><strong>atque</strong></span> <span class='ocrx_word' id='word_1_100' title='bbox 317 2646 664 2728; x_wconf 86' lang='lat' dir='ltr'><strong>Introductionem</strong></span> <span class='ocrx_word' id='word_1_101' title='bbox 701 2649 900 2757; x_wconf 88' lang='lat' dir='ltr'><strong>scriptum</strong></span> <span class='ocrx_word' id='word_1_102' title='bbox 937 2673 1027 2728; x_wconf 84' lang='lat' dir='ltr'><strong>esse</strong></span> <span class='ocrx_word' id='word_1_103' title='bbox 1059 2648 1164 2726; x_wconf 88' lang='lat' dir='ltr'><strong>arhi-</strong></span> 
     </span>
     <span class='ocr_line' id='line_1_18' title="bbox 160 2789 1164 2904; baseline -0.004 -30"><span class='ocrx_word' id='word_1_104' title='bbox 160 2809 333 2888; x_wconf 79' lang='lat' dir='ltr'><strong>tremur.</strong></span> <span class='ocrx_word' id='word_1_105' title='bbox 363 2791 411 2876; x_wconf 93' lang='lat' dir='ltr'><strong>In</strong></span> <span class='ocrx_word' id='word_1_106' title='bbox 428 2789 507 2874; x_wconf 85' lang='lat' dir='ltr'><strong>hac</strong></span> <span class='ocrx_word' id='word_1_107' title='bbox 524 2821 572 2874; x_wconf 91' lang='lat' dir='ltr'><strong>re</strong></span> <span class='ocrx_word' id='word_1_108' title='bbox 594 2821 677 2874; x_wconf 91' lang='lat' dir='ltr'><strong>non</strong></span> <span class='ocrx_word' id='word_1_109' title='bbox 694 2796 781 2874; x_wconf 92' lang='lat' dir='ltr'><strong>sine</strong></span> <span class='ocrx_word' id='word_1_110' title='bbox 801 2820 953 2904; x_wconf 85' lang='lat' dir='ltr'><strong>magna</strong></span> <span class='ocrx_word' id='word_1_111' title='bbox 967 2793 1060 2872; x_wconf 87' lang='lat' dir='ltr'><strong>veri</strong></span> <span class='ocrx_word' id='word_1_112' title='bbox 1076 2819 1164 2900; x_wconf 87' lang='lat' dir='ltr'><strong>spe-</strong></span> 
     </span>
    </p>
   </div>
   <div class='ocr_carea' id='block_1_10' title="bbox 160 2937 1362 3052">
    <p class='ocr_par' dir='ltr' id='par_1_10' title="bbox 160 2937 1362 3052">
     <span class='ocr_line' id='line_1_19' title="bbox 160 2937 1362 3052; baseline -0.004 -32"><span class='ocrx_word' id='word_1_113' title='bbox 160 2939 220 3020; x_wconf 90' lang='lat' dir='ltr'><strong>cie</strong></span> <span class='ocrx_word' id='word_1_114' title='bbox 232 2939 397 3038; x_wconf 85' lang='lat' dir='ltr'><strong>dixeris,</strong></span> <span class='ocrx_word' id='word_1_115' title='bbox 413 2955 600 3019; x_wconf 88' lang='lat' dir='ltr'><strong>nostrum</strong></span> <span class='ocrx_word' id='word_1_116' title='bbox 609 2956 829 3021; x_wconf 88' lang='lat' dir='ltr'><strong>tractatum</strong></span> <span class='ocrx_word' id='word_1_117' title='bbox 840 2940 1024 3052; x_wconf 85' lang='lat' dir='ltr'><strong>priorem</strong></span> <span class='ocrx_word' id='word_1_118' title='bbox 1039 2937 1162 3016; x_wconf 78' lang='lat' dir='ltr'><strong>fuisse</strong></span> <span class='ocrx_word' id='word_1_119' title='bbox 1267 3008 1274 3016; x_wconf 79' lang='grc'><strong><em>,</em></strong></span> <span class='ocrx_word' id='word_1_120' title='bbox 1358 2973 1362 2984; x_wconf 93' lang='grc'><em>·</em></span> 
     </span>
    </p>
   </div>
   <div class='ocr_carea' id='block_1_11' title="bbox 121 3082 1275 3924">
    <p class='ocr_par' dir='ltr' id='par_1_11' title="bbox 121 3082 1275 3924">
     <span class='ocr_line' id='line_1_20' title="bbox 162 3082 1162 3193; baseline -0.004 -27"><span class='ocrx_word' id='word_1_121' title='bbox 162 3113 210 3166; x_wconf 87' lang='lat' dir='ltr'><strong>ac</strong></span> <span class='ocrx_word' id='word_1_122' title='bbox 227 3086 801 3168; x_wconf 86' lang='lat' dir='ltr'><strong>lineamentaAbaelardianae</strong></span> <span class='ocrx_word' id='word_1_123' title='bbox 825 3084 1074 3193; x_wconf 86' lang='lat' dir='ltr'><strong>Theologiae</strong></span> <span class='ocrx_word' id='word_1_124' title='bbox 1095 3082 1162 3162; x_wconf 86' lang='lat' dir='ltr'><strong>vel</strong></span> 
     </span>
     <span class='ocr_line' id='line_1_21' title="bbox 164 3223 1248 3341; baseline -0.004 -31"><span class='ocrx_word' id='word_1_125' title='bbox 164 3227 248 3339; x_wconf 88' lang='lat' dir='ltr'><strong>ejus</strong></span> <span class='ocrx_word' id='word_1_126' title='bbox 275 3230 543 3340; x_wconf 84' lang='lat' dir='ltr'><strong>Theologiam</strong></span> <span class='ocrx_word' id='word_1_127' title='bbox 571 3233 614 3312; x_wconf 94' lang='lat' dir='ltr'><strong>in</strong></span> <span class='ocrx_word' id='word_1_128' title='bbox 641 3231 928 3341; x_wconf 89' lang='lat' dir='ltr'><strong>compendium</strong></span> <span class='ocrx_word' id='word_1_129' title='bbox 955 3223 1164 3309; x_wconf 89' lang='lat' dir='ltr'><strong>redactam</strong></span> <span class='ocrx_word' id='word_1_130' title='bbox 1245 3227 1248 3234; x_wconf 50' lang='lat'><strong>⁴</strong></span> 
     </span>
     <span class='ocr_line' id='line_1_22' title="bbox 163 3374 1275 3496; baseline 0.003 -42"><span class='ocrx_word' id='word_1_131' title='bbox 163 3377 206 3456; x_wconf 91' lang='lat' dir='ltr'><strong>in</strong></span> <span class='ocrx_word' id='word_1_132' title='bbox 222 3404 266 3456; x_wconf 89' lang='lat' dir='ltr'><strong>se</strong></span> <span class='ocrx_word' id='word_1_133' title='bbox 291 3377 532 3496; x_wconf 54' lang='lat' dir='ltr'><strong>continerep</strong></span> <span class='ocrx_word' id='word_1_134' title='bbox 558 3377 610 3458; x_wconf 87' lang='lat' dir='ltr'><strong>ad</strong></span> <span class='ocrx_word' id='word_1_135' title='bbox 635 3379 875 3459; x_wconf 87' lang='lat' dir='ltr'><strong>ulteriorem</strong></span> <span class='ocrx_word' id='word_1_136' title='bbox 897 3374 981 3487; x_wconf 91' lang='lat' dir='ltr'><strong>ejus</strong></span> <span class='ocrx_word' id='word_1_137' title='bbox 1000 3402 1165 3459; x_wconf 85' lang='lat' dir='ltr'><strong>enarra-</strong></span> <span class='ocrx_word' id='word_1_138' title='bbox 1261 3477 1275 3490; x_wconf 21' lang='grc' dir='ltr'><strong>,Ι</strong></span> 
     </span>
     <span class='ocr_line' id='line_1_23' title="bbox 148 3521 1254 3635; baseline 0.002 -35"><span class='ocrx_word' id='word_1_139' title='bbox 148 3521 317 3635; x_wconf 77' lang='lat' dir='ltr'><strong>tionem</strong></span> <span class='ocrx_word' id='word_1_140' title='bbox 334 3523 687 3603; x_wconf 85' lang='lat' dir='ltr'><strong>Introduction</strong></span> <span class='ocrx_word' id='word_1_141' title='bbox 695 3551 770 3633; x_wconf 78' lang='lat' dir='ltr'><strong>ern</strong></span> <span class='ocrx_word' id='word_1_142' title='bbox 787 3523 982 3632; x_wconf 86' lang='lat' dir='ltr'><strong>scriptam</strong></span> <span class='ocrx_word' id='word_1_143' title='bbox 1005 3548 1054 3603; x_wconf 86' lang='lat' dir='ltr'><strong>ac</strong></span> <span class='ocrx_word' id='word_1_144' title='bbox 1068 3523 1165 3602; x_wconf 89' lang='lat' dir='ltr'><strong>scri·</strong></span> <span class='ocrx_word' id='word_1_145' title='bbox 1247 3589 1254 3602; x_wconf 91' lang='lat'><strong>.</strong></span> 
     </span>
     <span class='ocr_line' id='line_1_24' title="bbox 163 3666 1167 3780; baseline 0.004 -34"><span class='ocrx_word' id='word_1_146' title='bbox 163 3667 340 3748; x_wconf 82' lang='lat' dir='ltr'><strong>bendum</strong></span> <span class='ocrx_word' id='word_1_147' title='bbox 365 3666 509 3770; x_wconf 83' lang='lat' dir='ltr'><strong>fuisse3</strong></span> <span class='ocrx_word' id='word_1_148' title='bbox 535 3667 813 3750; x_wconf 82' lang='lat' dir='ltr'><strong>defensionem</strong></span> <span class='ocrx_word' id='word_1_149' title='bbox 825 3667 998 3780; x_wconf 90' lang='lat' dir='ltr'><strong>denique</strong></span> <span class='ocrx_word' id='word_1_150' title='bbox 1015 3696 1063 3751; x_wconf 87' lang='lat' dir='ltr'><strong>ac</strong></span> <span class='ocrx_word' id='word_1_151' title='bbox 1083 3696 1167 3750; x_wconf 87' lang='lat' dir='ltr'><strong>am·</strong></span> 
     </span>
     <span class='ocr_line' id='line_1_25' title="bbox 121 3797 1235 3924; baseline 0 -30"><span class='ocrx_word' id='word_1_152' title='bbox 121 3887 128 3902; x_wconf 72' lang='grc'><strong><em>,</em></strong></span> <span class='ocrx_word' id='word_1_153' title='bbox 166 3797 811 3924; x_wconf 77' lang='lat' dir='ltr'><strong>plificationemTheologiam</strong></span> <span class='ocrx_word' id='word_1_154' title='bbox 830 3812 1169 3898; x_wconf 84' lang='lat' dir='ltr'><strong>christianam</strong></span> <span class='ocrx_word' id='word_1_155' title='bbox 1226 3904 1235 3912; x_wconf 70' lang='lat'>‚</span> 
     </span>
    </p>
   </div>
   <div class='ocr_carea' id='block_1_12' title="bbox 17 3957 1169 4072">
    <p class='ocr_par' dir='ltr' id='par_1_12' title="bbox 17 3957 1169 4072">
     <span class='ocr_line' id='line_1_26' title="bbox 17 3957 1169 4072; baseline -0.002 -30"><span class='ocrx_word' id='word_1_156' title='bbox 17 4035 40 4070; x_wconf 32' lang='grc'><strong>,1</strong></span> <span class='ocrx_word' id='word_1_157' title='bbox 165 3957 386 4070; x_wconf 55' lang='lat' dir='ltr'><strong>abaelardi</strong></span> <span class='ocrx_word' id='word_1_158' title='bbox 401 3959 632 4044; x_wconf 83' lang='lat' dir='ltr'><strong>absolvere.</strong></span> <span class='ocrx_word' id='word_1_159' title='bbox 678 3959 791 4045; x_wconf 91' lang='lat' dir='ltr'><strong>Nihil</strong></span> <span class='ocrx_word' id='word_1_160' title='bbox 809 3959 919 4046; x_wconf 90' lang='lat' dir='ltr'><strong>enim</strong></span> <span class='ocrx_word' id='word_1_161' title='bbox 936 3961 1071 4048; x_wconf 88' lang='lat' dir='ltr'><strong>inhao</strong></span> <span class='ocrx_word' id='word_1_162' title='bbox 1086 3961 1169 4072; x_wconf 86' lang='lat' dir='ltr'><strong>opi·</strong></span> 
     </span>
    </p>
   </div>
   <div class='ocr_carea' id='block_1_13' title="bbox 0 0 1426 4492">
    <p class='ocr_par' dir='ltr' id='par_1_13' title="bbox 0 0 1426 4492">
     <span class='ocr_line' id='line_1_27' title="bbox 0 0 1426 4492; baseline 0 0"><span class='ocrx_word' id='word_1_163' title='bbox 0 0 1426 4492; x_wconf 95' lang='lat' dir='ltr'><strong> </strong></span> 
     </span>
    </p>
   </div>
  </div>
 </body>
</html>
