2798 4486
112 425 269 506 ⁴advenae
292 432 335 532 in
349 447 434 502 terra
455 429 586 528 Egypt.
629 431 703 528 Ego
727 417 879 504 dominus
902 433 984 504 deus
1006 435 1124 506 vester.
1278 425 1280 432 ¹

120 549 166 618 Er
193 544 270 616 alibi
289 555 340 644 ¹)r'
376 542 454 617 Non
483 549 620 636 deerunt
646 571 807 642 pauperes
835 546 872 617 in
894 561 978 618 terra
1000 547 1125 618 hahita-

84 683 87 689 ·
114 659 220 750 ‚tionis
244 673 384 742 vestrae,
412 646 488 727 ideo
514 656 680 754 praecipio
703 659 760 728 tibi
782 673 818 734 ut
840 637 968 754 apeiias
992 685 1127 732 manum

123 772 213 842 fratri
241 786 297 840 tuo
329 785 361 838 et
389 795 494 861 egeno
525 785 557 840 et
583 769 719 864 pauperi
749 770 803 866 qui
828 785 935 840 tecum
958 791 1127 844 versantur
1167 777 1169 786 “

122 885 275 953 interra.
319 881 369 950 Ex
392 882 440 950 his
464 882 629 977 perpende
655 882 808 966 obsecro,
832 899 989 979 quantum
1013 902 1124 956 erten-

124 996 181 1066 dat
202 995 252 1064 lex
275 993 410 1088 tampad
440 993 589 1063 homines
618 1019 716 1090 quam
747 994 791 1063 ad
820 994 917 1064 deum
946 995 1125 1067 dilectionis

124 1107 293 1190 allectum,
321 1121 358 1173 nt
384 1121 474 1174 tuam
496 1106 594 1176 etiarn
616 1104 723 1200 legem
745 1132 844 1203 quam
866 1108 1046 1178 naturalem
1069 1135 1126 1206 ap·

38 1229 41 1234 '
121 1215 226 1316 pellas
253 1218 288 1288 in
309 1233 424 1287 nostra
446 1217 599 1287 concludi
622 1243 820 1312 cognoscas,
848 1235 885 1288 nt
906 1220 935 1290 si
958 1220 1021 1290 alia
1044 1247 1125 1317 quo-

125 1359 190 1428 que
218 1345 387 1400 cessarent
413 1345 604 1424 praecepta,
632 1330 713 1400 baec
741 1356 825 1427 quae
854 1331 1017 1426 perfectae
1047 1333 1126 1406 dilc-

124 1440 241 1513 ctionis
271 1458 348 1511 sunt
372 1442 482 1511 nobis¹
498 1441 596 1512 etiam
623 1441 706 1512 sicut
731 1459 764 1512 et
785 1443 876 1514 vobis
905 1444 949 1514 ad
971 1444 1123 1516 salvatio-

122 1583 200 1626 nem
229 1555 424 1626 sullicerent.
480 1552 610 1643 Quibus
642 1571 675 1624 et
702 1558 828 1650 priores
855 1571 964 1652 patres
993 1573 1125 1629 nostros

122 1668 256 1751 saluari,
275 1693 353 1737 ,uon
376 1667 561 1762 denegatis,
587 1683 624 1736 ut
645 1683 735 1737 tanto
758 1668 863 1762 magis
886 1669 983 1739 nobis
1007 1671 1126 1740 securi·
1210 1743 1214 1750 ,

121 1797 174 1850 tas
196 1780 405 1876 relinquatur,
428 1794 551 1874 quanto
574 1779 785 1875 superaddita
807 1797 916 1876 cetera
933 1781 1015 1874 legis
1030 1807 1126 1877 prae·

125 1910 221 1988 cepta
237 1893 436 1982 arc(t)iorem
455 1891 551 1962 nobis
568 1891 665 1961 vitam
685 1892 901 1964 instituerunt.
936 1891 1035 1982 Quae
1053 1896 1125 1990 qui·
1165 1879 1169 1893 ’

124 1991 202 2074 dem
231 2004 351 2074 additio
380 2030 448 2074 non
476 2019 542 2072 tam
570 2001 612 2072 ad
637 2020 824 2073 sanctorum
845 2029 973 2074 morum
995 2007 1157 2098 religio-x

121 2144 199 2187 nem
221 2141 319 2211 quam
348 2115 391 2185 ad
415 2142 486 2185 eam
509 2116 606 2184 tutius
629 2108 839 2184 muniendam
861 2114 1125 2212 mihipertine're

122 2229 259 2300 videtur.
303 2228 361 2298 Ad
382 2254 512 2298 omnem
535 2229 656 2324 quippe
674 2227 780 2297 animi
801 2228 950 2298 virtutem
973 2255 1050 2300 vera
1071 2231 1125 2300 dei

123 2359 157 2412 et
185 2341 354 2411 hominum
382 2339 510 2412 dilectio
534 2324 661 2415 sullicit
706 2338 801 2410 Et'si
824 2339 932 2410 desint
954 2366 1055 2436 opera
1077 2357 1124 2412 ta·

121 2480 200 2523 men
232 2451 321 2522 hona'
354 2476 392 2522 ac
420 2452 564 2548 perlecta
594 2453 744 2527 voluntas
772 2452 887 2523 merito
917 2479 1124 2550 nequaquam

120 2565 286 2638 minuitur.
323 2562 391 2633 Sed
409 2564 498 2634 sicut
517 2565 593 2637 loco
616 2592 678 2637 nos
702 2565 853 2635 dominus
876 2565 917 2633 ab
940 2565 1124 2636 infidelibus

121 2687 276 2772 separare
299 2675 409 2759 voluit,
432 2703 474 2745 ne
497 2703 556 2770 per
577 2678 667 2772 ipsos
692 2676 812 2748 scilicet
834 2702 1125 2772 corrumperemur,

56 2805 89 2836 κ’
120 2791 167 2859 ita
191 2805 222 2859 et
244 2813 379 2883 operum
402 2788 526 2872 ritibus,
549 2806 584 2859 ut
607 2789 686 2873 dixi,
708 2787 894 2858 laciendum
917 2814 990 2859 esse
1014 2792 1123 2861 decre·

119 2901 175 2974 viu
215 2899 301 2969 Cum
325 2926 402 2995 ergo
426 2901 609 2972 dilectionis
631 2900 798 2997 pe'rlcctio,
826 2900 868 2969 ad
890 2901 1123 2972 beatitudinem

118 3037 231 3084 reram
246 3013 496 3106 promerendam
512 3013 660 3097 sufficiat,
682 3012 830 3108 prolecto
847 3013 1023 3104 arc(t)ioris
1040 3014 1123 3083 vitae
1155 3091 1157 3098 ,

118 3123 330 3220 superaddita
352 3142 527 3220 praecepta
549 3125 600 3195 vel
623 3124 741 3195 iubae
764 3123 827 3192 vita
850 3123 977 3208 saltem,
1001 3123 1128 3221 aliquid·

5 3327 6 3332 ἵ
117 3237 256 3332 insuper
278 3237 423 3308 obtinere
448 3237 644 3321 debuerunt,
673 3229 709 3306 ut
730 3236 848 3305 terreni
873 3241 1002 3332 quoque
1024 3239 1125 3307 bene·

117 3347 182 3417 licii
210 3347 329 3418 solatio
361 3349 537 3419 alacriores
568 3365 601 3418 et
627 3348 808 3418 securiores
837 3347 871 3416 in
896 3347 994 3419 deum
1017 3351 1124 3420 ellico·

116 3486 243 3544 remur,
274 3445 401 3530 etcum
426 3478 622 3553 augerentur
645 3485 720 3553 erga
743 3485 805 3530 nos
830 3464 899 3554 ejus
924 3461 1027 3546 dona,
1057 3489 1125 3531 cre·

117 3587 227 3641 sceret
252 3571 287 3639 iu
310 3598 384 3641 eum
408 3573 538 3643 devotio
562 3589 691 3656 nostra,
722 3588 754 3642 et
783 3572 959 3642 infidelium
982 3573 1124 3668 populus

29 3769 32 3773 Ι
116 3699 271 3752 externus
296 3685 351 3777 qui
375 3685 457 3765 haec
480 3683 618 3768 videret,
644 3685 826 3762 commodis
849 3684 969 3756 nostris
992 3687 1034 3754 ad
1058 3685 1124 3754 cul·

117 3809 189 3899 turn
219 3802 295 3884 (13.
317 3795 382 3887 V.)
411 3797 463 3868 dei
491 3795 617 3868 facilius
634 3791 845 3872 'invitaretur
907 3793 1011 3886 Quod
1046 3821 1123 3867 vero

132 4039 170 4111 1)
189 4039 270 4098 oenc
286 4041 353 4112 xv,
378 4045 421 4117 11.
