2740 4486
252 261 323 354 38'6

268 443 440 532 finitione‘,
468 453 546 536 quie
564 449 655 518 eliud
676 463 728 518 est
749 473 825 520 erse
848 454 976 536 album,
1008 436 1099 524 alind
1121 469 1180 525 est·
1194 475 1264 525 eme

270 545 412 644 sedens,
444 566 561 648 qnippe
584 562 676 630 alind
701 567 855 631 conienit
878 571 909 634 ei
932 577 976 635 nrt
996 564 1094 653 hoo„
1109 569 1197 656 quod
1217 582 1265 636 est

270 676 382 743 album
404 686 437 740 ει
458 676 547 742 alind
569 699 614 742 exx
642 676 704 742 hoo
717 665 912 764 ,quoiast
933 684 1065 748 sedens.
1108 681 1265 747 Similiter

254 789 455 874 'hie'p'aries
477 800 511 854 ει
533 788 615 854 haee
637 790 752 856 domna
773 791 860 857 idem
881 815 1016 859 numero
1038 773 1126 860 sunt.¹
1145 795 1265 860 -atind

253 907 379 970 “tamen
408 916 459 968 est
487 925 562 967 esse
596 902 677 984 hoo,
712 917 746 968 et
777 903 971 970 alind·¹esse
1003 905 1098 970 iliud.
1144 907 1264 972 Eodem

268 1018 367 1084 modo
377 1018 431 1094 ,do
451 1016 514 1082 iilo
536 1019 718 1100 conjicitur.
737 1047 744 1060 ·
762 1020 860 1083 Licet
881 1021 968 1083 enim
987 1021 1103 1088 eadem
1117 1019 1263 1085 snbstan-

257 1133 336 1210 tia,
370 1150 454 1214 qnae
477 1142 528 1194 est
548 1113 660 1213 pater,
694 1133 738 1196 sit
765 1129 853 1198 iiiios
877 1141 911 1196 et
932 1134 1048 1198 endem
1070 1136 1115 1198 tit
1134 1135 1263 1218 spiritns

268 1252 415 1309 sanetus¹
428 1254 462 1306 ει
482 1242 566 1308 haee
586 1245 653 1308 sint
674 1241 779 1308 divisa
793 1245 1059 1328 proprietatibus,
1082 1249 1158 1332 qnia
1177 1246 1264 1312 aliud

250 1351 321 1426 'est
342 1353 578 1441 ess'apatrem,
601 1339 692 1424 alind
714 1371 862 1426 estesse
884 1361 1000 1442 filium,
1024 1361 1113 1428 niinri
1128 1375 1265 1428 estesse
1364 1337 1365 1396 Ψ

249 1474 416 1556 ‘spiritam
437 1486 605 1552 sanctum,
640 1473 720 1538 lieet
752 1473 814 1539 hoe
835 1476 968 1558 inquam
998 1476 1063 1555 sit,
1093 1488 1203 1542 temen
1232 1487 1265 1540 et

266 1586 516 1654 idemnumero
539 1599 614 1652 sant
633 1585 715 1653 iliae
749 1599 815 1654 tres
837 1609 1020 1670 personae,
1049 1591 1125 1674 quis
1145 1611 1211 1654 nna
1230 1598 1266 1653 et

267 1680 401 1766 eadem*
423 1704 579 1766 essentia.
631 1700 791 1767 Similiter
823 1702 916 1768 Deus
956 1715 1008 1768 est
1047 1705 1264 1786 omnipotens,

267 1816 509 1897 omnisapiens,
552 1814 815 1902 omnibenignus.
870 1815 1090 1900 Omnipotens
1122 1799 1267 1883 vero'et

268 1930 490 2013 omnisapiens
527 1940 560 1994 ει
599 1929 851 2015 omnibenignus
884 1931 972 1995 idem
1007 1952 1142 1996 numero
1178 1942 1265 2010 sunt,

250 2019 564 2114 ''iiiiii’t'arire‘n'est
580 2039 661 2108 ''e'sie
685 2024 959 2126 omnipotentem}
994 2047 1031 2109 ει
1047 2027 1150 2108 sliat
1162 2033 1266 2108 omrii·

267 2159 460 2240 rapientem,
490 2170 523 2221 ει
544 2156 634 2222 aliod
656 2157 933 2244 omnibenignnm.
978 2155 1015 2222 Si
1037 2178 1117 2243 ergo
1140 2157 1268 2222 dicatur

265 2272 353 2338 idem
375 2285 427 2336 est
446 2285 558 2355 pater,
589 2273 644 2355 qni
664 2271 778 2351 filins,·
802 2275 858 2355 qui
880 2273 1012 2354 spiritns
1035 2283 1168 2335 sanctos
1191 2282 1223 2334 et
1246 2292 1267 2334 e

267 2405 447 2465 converso,
462 2384 593 2450 ‘falsum
615 2396 685 2462 est,
715 2387 791 2469 qnia
812 2386 860 2448 rie
882 2399 948 2448 tres
969 2405 1131 2467 personae
1154 2393 1269 2448 errent

249 2521 333 2565 nna
353 2521 507 2585 persona.
552 2497 590 2562 Si
610 2519 690 2562 nero
712 2471 839 2563 dicator
859 2499 947 2563 idem
969 2509 1024 2562 est
1041 2509 1156 2580 pater,
1180 2495 1270 2580 qnod

264 2611 353 2680 filiu·
377 2624 411 2677 et
438 2614 572 2696 spiritns
602 2615 753 2692 santius,
787 2624 821 2676 ει
843 2635 860 2677 ε
885 2632 1045 2677 converso
1067 2631 1179 2676 verum
1201 2623 1269 2689 est,

266 2729 350 2812 qnia
370 2747 437 2790 nna
466 2719 499 2790 ot
528 2711 644 2790 eadem
668 2727 821 2791 ¹essentia
850 2727 945 2790 trium
966 2734 1270 2809 personarnm=÷est.

260 2839 405 2907 Trinnni
435 2840 592 2906 videlicet
625 2852 817 2906 eerentnra
841 2860 914 2904 eum
944 2831 1273 2925 cognoveruntstte

172 2955 180 2960 “
249 2951 359 3039 ergo}
382 2932 643 3037 quot‘dioimus,
666 2954 853 3036 propi(ti)ns
875 2954 909 3015 in
932 2971 1104 3016 commune
1124 2948 1270 3032 liquent,

266 3053 1275 3153 eircavnigatumsuperiorismateriaeversemurexempinn'r.

264 3179 327 3247 Est
347 3183 447 3268 igitur·
468 3183 558 3264 prins
580 3203 694 3246 aurum
725 3179 812 3265 quoti
834 3179 965 3264 quidem
988 3188 1155 3260 acceptum
1177 3175 1277 3240 seni·

262 3295 352 3377 pitnr
382 3305 415 3357 et
436 3291 475 3358 fit
497 3292 662 3380 sigillum,
694 3305 812 3376 postea
843 3292 1028 3376 inprimitur
1055 3307 1150 3354 cerne
1173 3287 1278 3353 st'flt

264 3403 431 3494 sigillans.
477 3404 534 3470 Sin
564 3407 666 3490 igitur
698 3425 770 3471 cnm
800 3405 889 3470 idem
910 3407 957 3470 sit
976 3423 1111 3468 numero
1134 3412 1169 3464 et
1190 3404 1279 3486 qnia

263 3538 330 3584 nna
353 3531 386 3582 et
408 3515 524 3584 eadem
546 3518 713 3598 essentia,
743 3528 854 3582 tamen
884 3519 949 3582 tria
969 3527 1046 3581 sunt
1066 3513 1280 3598 proprietate

251 3618 408 3709 diversa,
432 3633 510 3716 qnia
531 3630 622 3697 alind
643 3641 695 3696 est
716 3650 792 3696 esse
812 3627 877 3695 hoe
897 3651 1011 3696 aarum
1033 3640 1066 3694 et
1090 3627 1281 3698 aliud-hoo

249 3727 460 3832 sigillabilis.¹
486 3744 588 3810 Juxta
609 3745 711 3832 igitur
730 3742 816 3807 hanc
839 3744 1018 3810 trinitatem
1036 3743 1071 3808 in
1093 3742 1299 3823 creaturis,·

264 3857 446 3924 trinitatem
463 3857 500 3922 in
522 3857 634 3923 divine
661 3854 847 3924 substantia
874 3858 1065 3942 conjectare
1084 3853 1188 3922 faeile
1212 3877 1282 3940 po·

263 3979 408 4039 tnernnt·
464 3967 548 4038 Cum
586 3971 674 4037 enim
707 3971 804 4036 nnius
839 3980 873 4035 et
908 3967 1056 4055 ejusdem
1084 3961 1281 4038 oivmttett·
