2806 4492
1063 223 1187 306 trs·
1278 163 1353 178 ”

109 513 358 627 ΙΕιοιιιίο
381 513 413 604 ¹)
443 501 651 612 magistri
685 510 740 590 ad
770 499 1052 616 discipulum
1079 515 1137 594 dc

72 641 73 646 ¹
280 704 286 716 1
307 646 622 748 inquisitione
647 647 815 734 summi
840 647 963 724 boni.

561 815 712 830 Μ

221 950 252 1022 F
254 950 288 1022 ili
309 949 493 1036 carissime,
521 905 665 1021 studiirm
688 964 778 1020 tuum
809 929 950 1022 delectat
970 978 1040 1037 mc,
1067 905 1135 1048 cluo
1210 1031 1215 1042 ⁸

36 1053 38 1062 ’
139 1065 322 1158 sapientum
352 1064 472 1159 scripta
503 1062 679 1156 investigas
711 1086 771 1156 per
798 1077 830 1132 te
857 1063 965 1159 ipsum
991 1063 1134 1158 legendo
1240 1155 1245 1164 μ
1304 1049 1307 1066 ’

59 1221 62 1228 «
139 1192 171 1249 et
191 1175 420 1269 intelligendo,
448 1199 597 1270 quaeque
620 1199 688 1247 non
711 1172 863 1268 intelligis
887 1198 908 1266 a
929 1201 981 1255 me
1006 1177 1139 1248 ceteris·v
1178 1183 1179 1189 ’

138 1314 202 1384 que
219 1287 407 1365 ,senioribus
430 1286 658 1382 perquirendo.
695 1284 828 1356 Etenim
851 1285 986 1356 scolaris
1008 1285 1063 1356 illa
1083 1313 1135 1356 ex·

138 1398 297 1483 crcitatio,
314 1422 378 1494 qua
394 1399 455 1468 sub
470 1399 560 1491 virga
575 1397 755 1492 pavitantes
775 1394 949 1492 proliciunt
963 1399 1137 1491 ingeniosi,
1222 1391 1229 1408 '

138 1507 291 1582 deficiunt
317 1509 469 1594 hebetes,
501 1509 609 1598 bonae
626 1508 760 1578 ¹irrclolis
789 1501 1050 1580 adolescentibirs
1084 1511 1136 1578 vix

4 1665 32 1712 ,a
95 1673 99 1694 .
138 1638 187 1693 est
208 1647 267 1717 pro
288 1621 488 1691 infantilibus
510 1620 726 1705 nutrimentis,
749 1621 856 1716 qualia
877 1645 976 1716 saepe
994 1619 1135 1730 vidimos

136 1735 179 1806 ab
201 1734 431 1805 obstetricibus
459 1733 510 1804 vel
534 1734 711 1803 nutricibus
730 1733 909 1802 massicata
936 1733 983 1802 in'
1001 1757 1057 1802 ora
1079 1757 1135 1802 va·
1194 1792 1199 1802 ,
1245 1748 1253 1764 ’
1306 1769 1318 1778 -

45 1925 50 1939 Ι
137 1844 292 1940 gientium
314 1845 543 1939 puerculorum
567 1844 792 1914 edentulorum
813 1844 910 1939 poni,
938 1843 1061 1938 ciselam
1084 1871 1135 1914 rc·

135 1957 310 2029 nitentibus
348 1971 380 2024 ct
408 1980 503 2047 ossas
532 1955 638 2062 aliena
667 1955 770 2026 saliva
802 1953 938 2025 infectas
972 1953 1136 2024 interdum
1196 2021 1199 2036 ,

136 2067 389 2139 fastidientibus.
444 2065 543 2144 Unde
578 2057 652 2136 cum
680 2066 792 2162 primis
823 2066 963 2136 dentatis
996 2063 1134 2134 maxillis

138 2205 198 2290 per
221 2203 256 2249 se
280 2155 433 2250 ulanclcre
456 2195 611 2271 possunt,
641 2179 681 2250 ab
704 2177 775 2248 aliis
797 2178 967 2250 masticata
994 2203 1062 2248 uon
1084 2203 1134 2246 rc·

136 2291 268 2386 cipiunt,
290 2289 400 2375 immo,
424 2317 497 2360 cum
516 2289 682 2398 discipulis
705 2291 905 2361 transeundo
927 2316 987 2385 per
1004 2305 1133 2382 segetes
1175 2351 1178 2360 ,

40 2399 43 2406 ’
136 2401 302 2508 copiosas
309 2401 462 2472 vellicant
485 2418 517 2472 et
535 2401 651 2472 fricant
674 2427 772 2471 manu
787 2403 930 2498 propria
941 2403 1049 2497 spicas
1065 2421 1133 2470 ma*
1206 2445 1221 2474 a

121 2527 223 2584 'toras
253 2489 431 2610 exindeque
461 2537 562 2607 grana
592 2513 697 2584 elicita
725 2539 841 2608 perse
871 2515 1072 2584 manducant
1101 2532 1134 2586 et
1196 2533 1200 2540 “
1232 2562 1236 2572 -

137 2624 333 2718 experiendo
356 2625 512 2720 probant,
537 2626 572 2695 iu
595 2625 774 2696 scolaribus
797 2624 859 2694 illis
884 2626 1037 2696 exercitiis
1062 2626 1133 2696 dili·
1155 2657 1156 2660 ¹

135 2733 324 2829 gantissime
347 2735 484 2806 laetatos
508 2762 576 2806 non
598 2737 743 2806 invenire
767 2763 919 2832 saporem
943 2739 1132 2834 sapientiae,
1172 2741 1176 2762 ’

133 2847 198 2916 nisi
219 2863 297 2947 post
318 2861 445 2941 tempus
466 2841 692 2950 ablactationis
716 2875 804 2920 suae.
848 2850 936 2919 Hinc
960 2867 1018 2930 cst,
1041 2851 1133 2947 quod

133 2957 647 3052 Abraham'patriarcbagrande
669 2959 787 3056 legitur
808 2960 926 3044 fecisse
949 2962 1144 3052 convivium!

132 3069 168 3140 in
191 3069 243 3139 die
266 3067 491 3140 ablactationis
515 3070 620 3153 lsaac,
647 3070 796 3140 nimirum
819 3073 1032 3166 congaudens
1055 3073 1134 3160 (fol.

132 3189 186 3258 60.
208 3179 266 3268 R.)
288 3197 425 3275 paturno
447 3180 584 3266 affectu,
614 3179 811 3276 profectibus
834 3185 916 3252 tanti
938 3183 1004 3253 filii.
1051 3182 1130 3275 Quo

134 3307 249 3362 contm
276 3287 433 3392 ploratus
455 3308 487 3362 et
516 3292 656 3361 ululatus
686 3285 805 3362 inultus
837 3310 886 3364 est
914 3293 1032 3364 Rubeli
1061 3297 1131 3390 plo·

131 3403 217 3472 ranti
240 3401 323 3473 lilios
342 3428 419 3472 suos
443 3418 519 3472 ante
543 3403 766 3474 ablactationis
788 3421 915 3500 tempus
938 3406 979 3474 ab
996 3405 1130 3490 Herode
1197 3434 1199 3444 ⁸

133 3511 275 3585 occisos.
318 3517 369 3583 Ac
397 3530 466 3584 tum
489 3513 614 3609 plangit
638 3515 792 3602 ecclesia
805 3533 839 3592 et
867 3544 935 3588 non
957 3515 1024 3587 vult
1051 3542 1130 3588 con·

133 3625 247 3710 solari,
279 3625 355 3728 quia
381 3651 450 3697 non
473 3643 551 3710 suut
572 3627 773 3698 ablactati
745 3653 814 3722 epus
841 3631 903 3708 illi
901 3629 1016 3728 pueri,
1045 3655 1129 3724 quos

148 3899 183 3972 1)
201 3877 343 3959 vortam
363 3901 391 3958 in
409 3899 479 3960 cut.
496 3900 639 3960 llls.‘sxtat
661 3906 788 3983 macripte
805 3925 887 3984 super
904 3903 979 3968 attam
996 3909 1127 3966 miniatam

200 4015 307 4054 erasnm.
701 4025 704 4039 ·
1077 4027 1078 4032 ¹
