2806 4492
1090 207 1146 282 *85

148 375 271 468 honam
288 399 358 448 rem
374 373 425 470 vel
445 375 554 448 bonae
576 387 713 446 naturae
735 349 951 485 substantiam
972 399 1047 446 eum
1067 399 1145 449 eon·

64 581 68 588 ¹
151 459 242 572 didit,
263 511 326 556 nee
348 511 425 558 eum
446 512 577 584 equum,
599 486 656 584 qni
677 511 844 586 nunquam
863 462 988 558 bonis
995 503 1047 559 est
1060 487 1145 560 lutu-

99 636 100 640 =
148 623 222 683 rus,
250 623 393 694 nuquam
422 598 545 670 bonurn
568 625 688 696 equum
711 597 847 682 crearit,¹
873 596 950 670 licet
969 598 1145 671 nonnullos

5 745 6 752 ι
61 796 63 806 Ι
150 735 310 805 equorum
338 709 473 780 vitiosos
503 735 611 781 creare
641 711 803 793 videatur,
838 707 895 806 qui
925 708 1077 780 videlieet
1109 709 1145 780 in

80 896 85 901 ,
150 822 223 916 ipsa
246 820 409 894 creatione
433 844 500 908 sua
514 821 624 892 vitium
650 820 783 916 aliquod
813 819 1005 891 contrahere
1032 819 1145 890 dieun-

151 937 213 1016 tur,
233 932 321 1002 unde
344 931 554 1027 postmodum
575 932 707 1008 inutiles
729 947 786 1004 ant
806 955 921 1027 parum
943 930 1038 1002 utiles
1056 932 1144 1004 fiant
1185 941 1188 948 '
1230 994 1238 1005 r.

150 1035 245 1138 lpsos
280 1064 409 1138 qnoque
444 1043 592 1114 homiues
630 1042 816 1114 naturaliter
845 1069 883 1112 ex
910 1042 1144 1114 elementorum
1215 1051 1218 1062 l
1257 1056 1263 1070 “

58 1173 60 1178 ·
152 1154 374 1249 complexione
396 1153 430 1250 in
452 1153 525 1249 ipsa
547 1180 607 1224 sua
624 1153 785 1224 creatione
802 1153 961 1225 nonnulla
976 1152 1053 1223 vitia
1068 1180 1145 1223 con-
1187 1207 1189 1212 s

151 1266 279 1337 trahere
302 1259 444 1349 constat,
470 1283 507 1336 ut
527 1266 674 1336 iracundi
694 1253 828 1352 scilicet,
849 1265 900 1334 vel
921 1263 1074 1334 luxuriosi
1094 1263 1145 1334 vel

151 1377 254 1448 aliis
243 1375 356 1446 irretiti
377 1375 460 1446 viriis
483 1377 670 1448 naturaliter
691 1377 770 1446 fiant
792 1378 860 1465 (41.
883 1374 955 1465 V..)
998 1374 1067 1445 Sed
1087 1400 1144 1446 ne·
1176 1369 1177 1382 ¹
1228 1450 1231 1458 Δ

152 1515 216 1586 qne
244 1471 334 1558 illum
361 1485 508 1570 fortassis
539 1486 702 1581 angelum
720 1486 836 1556 ceteris
863 1511 957 1581 quast
947 1467 1145 1557 'lucilerum

149 1599 360 1697 praelatum,
372 1625 467 1695 quem
489 1598 700 1695 postmodum
723 1613 926 1692 apostatasse
950 1597 1065 1683 dicitis,
1084 1598 1145 1670 bu·

4 1695 5 1698 Ἴ
35 1729 38 1740 ·
93 1784 95 1788 ,
130 1739 231 1802 3num
259 1710 412 1804 angelum
438 1710 490 1780 vel
517 1712 642 1781 bonnm
671 1707 816 1804 spiritum
851 1707 1012 1795 condidit,
1047 1735 1145 1805 quem

150 1849 318 1920 nunquam
340 1821 373 1890 in
388 1820 519 1893 veritate
537 1826 567 1915 ¹)
590 1819 642 1891 vel
655 1820 689 1890 in
705 1819 877 1890 dilectione
893 1819 947 1889 dei
961 1821 1144 1892 constitisse

32 1953 34 1958 '
152 1935 257 2007 dicitis
277 1949 309 2004 et
324 1942 356 2022 ²)
377 1931 520 2030 plerique
536 1949 677 2005 vestrum
693 1930 858 2002 caritatem
873 1930 974 2000 semel
991 1930 1145 2016 habitam3

144 2070 321 2143 ‘nunquam
347 2043 508 2114 fateantur
536 2041 682 2111 ammitti.
724 2039 842 2112 Nullus
866 2041 984 2137 quippe
1008 2041 1164 2136 angelus*

154 2159 222 2229 sive
244 2155 372 2252 spiritus
395 2170 451 2224 aut
473 2151 569 2223 etiarn
590 2153 690 2223 homo
713 2175 734 2222 a
756 2152 938 2240 dilectione
952 2152 1012 2222 dei
1022 2168 1055 2222 et
1068 2175 1146 2222 vera

154 2269 284 2340 caritate
307 2265 443 2350 alienus,
463 2266 571 2336 bonus
592 2281 679 2334 recte
702 2262 827 2348 dicitur,
850 2265 933 2334 sicut
954 2289 1016 2334 nec
1030 2261 1146 2347 malus,

154 2406 252 2478 quam
282 2379 336 2448 tiu
364 2391 501 2471 peccato
529 2391 625 2451 earet.
669 2375 742 2443 Si
732 2374 830 2468 agitur
857 2374 993 2467 angelus
1015 2374 1068 2444 ille
1089 2399 1146 2443 ne·

156 2519 220 2589 que
243 2515 317 2560 curn
338 2502 476 2584 peccato
497 2513 603 2584 neque
628 2513 702 2558 cum
725 2477 856 2556 caritate
878 2485 930 2555 dei
947 2501 1072 2556 creatus
1089 2499 1150 2570 est,

155 2601 323 2700 quomodo
351 2601 463 2682 ¹ltonus
499 2599 606 2668 adhuc
642 2598 776 2692 augelus
807 2597 859 2669 vel
886 2595 992 2666 malus
1020 2612 1146 2666 creatus

157 2739 230 2786 esse
256 2710 426 2782 dicendus
443 2724 504 2780 est.
563 2709 618 2778 sie
645 2736 707 2780 nee
735 2709 855 2804 singuli
878 2689 1045 2793 homines,
1074 2733 1148 2796 enm

156 2839 325 2918 creantur
335 2821 483 2890 noudum
510 2818 645 2890 rationis
675 2839 842 2916 compotes
868 2836 925 2891 aut
945 2821 1024 2891 boni
1045 2819 1148 2891 homi·

154 2959 216 3007 nos
243 2950 300 3006 aut
323 2931 401 3002 mali
429 2915 592 3002 creatione
622 2929 750 3002 dicendi
778 2947 871 3016 sunt,
901 2933 976 3003 cuin
1003 2930 1155 3001 videlicet·
1274 2989 1277 2996 .
1329 2975 1335 2983 -

149 3047 231 3142 ipsa
253 3044 414 3114 creatione
430 3068 512 3126 sna,
537 3057 574 3119 nt
595 3021 673 3112 boni
695 3041 843 3117 homines
867 3058 922 3111 aut
943 3040 1018 3110 mali
1040 3056 1150 3110 essent
1196 3059 1197 3062 ’

157 3167 226 3226 nun
248 3155 444 3249 acceperint.
476 3151 648 3242 ‚Quorum
670 3152 765 3222 etiam
787 3152 890 3246 aliqui
908 3177 980 3220 cum
1002 3167 1148 3244 aegrota·
1202 3218 1205 3227 ,

4 3271 8 3299 ¹
118 3268 121 3276 ’
159 3268 213 3338 tivi
236 3266 287 3354 vel
309 3264 606 3346 stultinaturaliter
629 3263 723 3348 fiant,
753 3279 785 3334 et
807 3264 939 3344 diversis
962 3260 1150 3334 unanimi

158 3403 257 3474 quam
287 3377 433 3471 corporis
462 3377 544 3446 vitiis
574 3377 724 3470 occupati
750 3391 940 3461 nascantur,
973 3389 1006 3443 et
1035 3395 1149 3446 omnes

159 3488 372 3560 communiter
393 3487 543 3559 homines
567 3501 716 3556 creentur
740 3485 909 3571 mortales,
936 3482 1083 3580 prolecto
1105 3505 1150 3557 ,ex

158 3601 233 3698 ipsa
254 3593 319 3670 sua·
332 3599 498 3693 creatione
521 3597 703 3672 substantia
723 3597 885 3668 humanae
899 3612 1032 3715 naturae
1053 3593 1151 3677 bona,
1244 3605 1246 3610 ’

164 3851 251 4016 Ιᾏζῐ
231 3850 280 3910 Jo
296 3849 368 3933 ΠΗ,
380 3852 521 3910 tta
487 3847 702 3929 rndlthlp’
671 3873 719 3908 oux
735 3852 846 3922 ἕστηκεν.
863 3847 908 3907 cir.
927 3845 979 3927 Ep
998 3849 1024 3904 1.
1040 3843 1089 3915 lll,
1105 3848 1129 3902 8.

236 3935 312 3998 sors:
329 3937 415 3996 cunt
478 3949 479 3952 ’
834 3977 837 3987 .
1031 3982 1047 4002 ,,
1145 3981 1147 3986 .
