<?xml version="1.0" encoding="UTF-8"?>
<!DOCTYPE html PUBLIC "-//W3C//DTD XHTML 1.0 Transitional//EN"
    "http://www.w3.org/TR/xhtml1/DTD/xhtml1-transitional.dtd">
<html xmlns="http://www.w3.org/1999/xhtml" xml:lang="en" lang="en">
 <head>
  <title>
</title>
<meta http-equiv="Content-Type" content="text/html;charset=utf-8" />
  <meta name='ocr-system' content='tesseract 3.04.00' />
  <meta name='ocr-capabilities' content='ocr_page ocr_carea ocr_par ocr_line ocrx_word'/>
</head>
<body>
  <div class='ocr_page' id='page_1' title='image "./dialogusinterph00abelgoog_0281.png"; bbox 0 0 2740 4486; ppageno 0'>
   <div class='ocr_carea' id='block_1_1' title="bbox 1064 271 1331 342">
    <p class='ocr_par' dir='ltr' id='par_1_1' title="bbox 1064 271 1331 342">
     <span class='ocr_line' id='line_1_1' title="bbox 1064 271 1331 342; baseline -0.007 0"><span class='ocrx_word' id='word_1_1' title='bbox 1064 271 1118 342; x_wconf 75' lang='grc'><strong>95</strong></span> <span class='ocrx_word' id='word_1_2' title='bbox 1307 287 1331 302; x_wconf 87' lang='grc'><strong>··</strong></span> 
     </span>
    </p>
   </div>
   <div class='ocr_carea' id='block_1_2' title="bbox 450 437 763 522">
    <p class='ocr_par' dir='ltr' id='par_1_2' title="bbox 450 437 763 522">
     <span class='ocr_line' id='line_1_2' title="bbox 450 437 763 522; baseline 0.006 -18"><span class='ocrx_word' id='word_1_3' title='bbox 450 468 453 478; x_wconf 65' lang='lat'><strong><em>⁴</em></strong></span> <span class='ocrx_word' id='word_1_4' title='bbox 481 437 586 522; x_wconf 85' lang='lat' dir='ltr'><strong>Caput</strong></span> <span class='ocrx_word' id='word_1_5' title='bbox 614 437 763 506; x_wconf 76' lang='lat' dir='ltr'>XXXII.</span> 
     </span>
    </p>
   </div>
   <div class='ocr_carea' id='block_1_3' title="bbox 47 551 1118 1086">
    <p class='ocr_par' dir='ltr' id='par_1_3' title="bbox 123 551 1118 724">
     <span class='ocr_line' id='line_1_3' title="bbox 123 551 1118 623; baseline 0.001 -15"><span class='ocrx_word' id='word_1_6' title='bbox 123 553 229 618; x_wconf 73' lang='lat' dir='ltr'><strong>Quibus</strong></span> <span class='ocrx_word' id='word_1_7' title='bbox 253 551 344 608; x_wconf 85' lang='lat' dir='ltr'><strong>modis</strong></span> <span class='ocrx_word' id='word_1_8' title='bbox 368 567 419 607; x_wconf 83' lang='lat' dir='ltr'><strong>nos</strong></span> <span class='ocrx_word' id='word_1_9' title='bbox 435 552 541 623; x_wconf 76' lang='lat' dir='ltr'><strong>,diligat</strong></span> <span class='ocrx_word' id='word_1_10' title='bbox 563 553 640 608; x_wconf 81' lang='lat' dir='ltr'><strong>Deus</strong></span> <span class='ocrx_word' id='word_1_11' title='bbox 671 561 700 608; x_wconf 84' lang='lat' dir='ltr'><strong>et</strong></span> <span class='ocrx_word' id='word_1_12' title='bbox 724 554 821 623; x_wconf 85' lang='lat' dir='ltr'><strong>quibus</strong></span> <span class='ocrx_word' id='word_1_13' title='bbox 845 553 933 616; x_wconf 81' lang='lat' dir='ltr'><strong>modis</strong></span> <span class='ocrx_word' id='word_1_14' title='bbox 955 567 1006 608; x_wconf 84' lang='lat' dir='ltr'><strong>nos</strong></span> <span class='ocrx_word' id='word_1_15' title='bbox 1028 554 1118 612; x_wconf 85' lang='lat' dir='ltr'><strong>Deum</strong></span> 
     </span>
     <span class='ocr_line' id='line_1_4' title="bbox 354 653 887 724; baseline 0.004 -20"><span class='ocrx_word' id='word_1_16' title='bbox 354 653 399 706; x_wconf 82' lang='lat' dir='ltr'><strong>vel</strong></span> <span class='ocrx_word' id='word_1_17' title='bbox 421 655 576 722; x_wconf 85' lang='lat' dir='ltr'><strong>proximum</strong></span> <span class='ocrx_word' id='word_1_18' title='bbox 595 654 709 724; x_wconf 82' lang='lat' dir='ltr'><strong>diligere</strong></span> <span class='ocrx_word' id='word_1_19' title='bbox 728 654 887 706; x_wconf 81' lang='lat' dir='ltr'>debeamus.</span> 
     </span>
    </p>

    <p class='ocr_par' dir='ltr' id='par_1_4' title="bbox 214 773 1115 862">
     <span class='ocr_line' id='line_1_5' title="bbox 214 773 1115 862; baseline 0.002 -21"><span class='ocrx_word' id='word_1_20' title='bbox 214 773 308 841; x_wconf 85' lang='lat' dir='ltr'><strong>Nunc</strong></span> <span class='ocrx_word' id='word_1_21' title='bbox 337 797 437 861; x_wconf 86' lang='lat' dir='ltr'><strong>vero,</strong></span> <span class='ocrx_word' id='word_1_22' title='bbox 471 775 586 859; x_wconf 87' lang='lat' dir='ltr'><strong>quibus</strong></span> <span class='ocrx_word' id='word_1_23' title='bbox 616 775 721 838; x_wconf 78' lang='lat' dir='ltr'><strong>modia</strong></span> <span class='ocrx_word' id='word_1_24' title='bbox 751 797 811 838; x_wconf 88' lang='lat' dir='ltr'><strong>nos</strong></span> <span class='ocrx_word' id='word_1_25' title='bbox 841 775 957 862; x_wconf 85' lang='lat' dir='ltr'><strong>diligat</strong></span> <span class='ocrx_word' id='word_1_26' title='bbox 984 789 1016 842; x_wconf 92' lang='lat' dir='ltr'><strong>et</strong></span> <span class='ocrx_word' id='word_1_27' title='bbox 1047 782 1115 862; x_wconf 88' lang='lat' dir='ltr'><strong>qui-</strong></span> 
     </span>
    </p>

    <p class='ocr_par' dir='ltr' id='par_1_5' title="bbox 47 887 1116 977">
     <span class='ocr_line' id='line_1_6' title="bbox 47 887 1116 977; baseline 0.003 -21"><span class='ocrx_word' id='word_1_28' title='bbox 47 905 50 914; x_wconf 90' lang='lat'>&#39;</span> <span class='ocrx_word' id='word_1_29' title='bbox 119 891 179 957; x_wconf 82' lang='lat' dir='ltr'><strong>bus</strong></span> <span class='ocrx_word' id='word_1_30' title='bbox 202 887 307 955; x_wconf 85' lang='lat' dir='ltr'><strong>modis</strong></span> <span class='ocrx_word' id='word_1_31' title='bbox 331 911 390 954; x_wconf 90' lang='lat' dir='ltr'><strong>nos</strong></span> <span class='ocrx_word' id='word_1_32' title='bbox 413 890 520 954; x_wconf 90' lang='lat' dir='ltr'><strong>Deum</strong></span> <span class='ocrx_word' id='word_1_33' title='bbox 542 890 596 955; x_wconf 87' lang='lat' dir='ltr'><strong>vel</strong></span> <span class='ocrx_word' id='word_1_34' title='bbox 617 891 797 972; x_wconf 87' lang='lat' dir='ltr'><strong>proximum</strong></span> <span class='ocrx_word' id='word_1_35' title='bbox 828 892 966 977; x_wconf 85' lang='lat' dir='ltr'><strong>diligere</strong></span> <span class='ocrx_word' id='word_1_36' title='bbox 994 894 1116 958; x_wconf 87' lang='lat' dir='ltr'><strong>debea-</strong></span> 
     </span>
    </p>

    <p class='ocr_par' dir='ltr' id='par_1_6' title="bbox 121 1004 1115 1086">
     <span class='ocr_line' id='line_1_7' title="bbox 121 1004 1115 1086; baseline 0.003 -17"><span class='ocrx_word' id='word_1_37' title='bbox 121 1027 211 1083; x_wconf 80' lang='lat' dir='ltr'><strong>mus,</strong></span> <span class='ocrx_word' id='word_1_38' title='bbox 244 1005 415 1068; x_wconf 87' lang='lat' dir='ltr'><strong>dicendum</strong></span> <span class='ocrx_word' id='word_1_39' title='bbox 436 1004 582 1081; x_wconf 84' lang='lat' dir='ltr'><strong>videtur,</strong></span> <span class='ocrx_word' id='word_1_40' title='bbox 611 1016 668 1083; x_wconf 91' lang='lat' dir='ltr'><strong>nt,</strong></span> <span class='ocrx_word' id='word_1_41' title='bbox 701 1007 773 1086; x_wconf 89' lang='lat' dir='ltr'><strong>quis</strong></span> <span class='ocrx_word' id='word_1_42' title='bbox 805 1006 884 1067; x_wconf 85' lang='lat' dir='ltr'><strong>ordo</strong></span> <span class='ocrx_word' id='word_1_43' title='bbox 914 1009 947 1069; x_wconf 92' lang='lat' dir='ltr'><strong>in</strong></span> <span class='ocrx_word' id='word_1_44' title='bbox 979 1011 1115 1073; x_wconf 87' lang='lat' dir='ltr'><strong>caritate</strong></span> 
     </span>
    </p>
   </div>
   <div class='ocr_carea' id='block_1_4' title="bbox 6 1114 1114 1203">
    <p class='ocr_par' dir='ltr' id='par_1_7' title="bbox 6 1114 1114 1203">
     <span class='ocr_line' id='line_1_8' title="bbox 6 1114 1114 1203; baseline -0.002 -23"><span class='ocrx_word' id='word_1_45' title='bbox 6 1127 8 1134; x_wconf 91' lang='lat'>&#39;</span> <span class='ocrx_word' id='word_1_46' title='bbox 40 1131 76 1156; x_wconf 52' lang='lat' dir='ltr'><em>f</em></span> <span class='ocrx_word' id='word_1_47' title='bbox 119 1119 243 1180; x_wconf 83' lang='lat' dir='ltr'><strong>servari</strong></span> <span class='ocrx_word' id='word_1_48' title='bbox 267 1114 404 1194; x_wconf 89' lang='lat' dir='ltr'><strong>debeat,</strong></span> <span class='ocrx_word' id='word_1_49' title='bbox 425 1117 598 1198; x_wconf 73' lang='lat' dir='ltr'><strong>euidenter</strong></span> <span class='ocrx_word' id='word_1_50' title='bbox 621 1128 787 1196; x_wconf 79' lang='lat' dir='ltr'><strong>appareat.</strong></span> <span class='ocrx_word' id='word_1_51' title='bbox 822 1116 927 1180; x_wconf 91' lang='lat' dir='ltr'><strong>Deum</strong></span> <span class='ocrx_word' id='word_1_52' title='bbox 941 1121 1039 1203; x_wconf 84' lang='lat' dir='ltr'><strong>igitur</strong></span> <span class='ocrx_word' id='word_1_53' title='bbox 1053 1121 1114 1184; x_wconf 80' lang='lat' dir='ltr'><strong>ali.</strong></span> 
     </span>
    </p>
   </div>
   <div class='ocr_carea' id='block_1_5' title="bbox 52 1227 1177 1761">
    <p class='ocr_par' dir='ltr' id='par_1_8' title="bbox 52 1227 1177 1761">
     <span class='ocr_line' id='line_1_9' title="bbox 120 1227 1114 1314; baseline 0.006 -22"><span class='ocrx_word' id='word_1_54' title='bbox 120 1251 213 1311; x_wconf 88' lang='lat' dir='ltr'><strong>quem</strong></span> <span class='ocrx_word' id='word_1_55' title='bbox 236 1229 373 1314; x_wconf 85' lang='lat' dir='ltr'><strong>diligere</strong></span> <span class='ocrx_word' id='word_1_56' title='bbox 396 1249 462 1292; x_wconf 91' lang='lat' dir='ltr'><strong>non</strong></span> <span class='ocrx_word' id='word_1_57' title='bbox 486 1242 536 1290; x_wconf 86' lang='lat' dir='ltr'><strong>est</strong></span> <span class='ocrx_word' id='word_1_58' title='bbox 558 1227 659 1306; x_wconf 92' lang='lat' dir='ltr'><strong>aliud,</strong></span> <span class='ocrx_word' id='word_1_59' title='bbox 683 1250 778 1310; x_wconf 88' lang='lat' dir='ltr'><strong>quarn</strong></span> <span class='ocrx_word' id='word_1_60' title='bbox 798 1232 902 1310; x_wconf 87' lang='lat' dir='ltr'><strong>ipsum</strong></span> <span class='ocrx_word' id='word_1_61' title='bbox 920 1231 961 1293; x_wconf 87' lang='lat' dir='ltr'><strong>ab</strong></span> <span class='ocrx_word' id='word_1_62' title='bbox 978 1247 1114 1298; x_wconf 86' lang='lat' dir='ltr'><strong>aeterno</strong></span> 
     </span>
     <span class='ocr_line' id='line_1_10' title="bbox 119 1340 1114 1422; baseline 0.006 -18"><span class='ocrx_word' id='word_1_63' title='bbox 119 1341 203 1404; x_wconf 88' lang='lat' dir='ltr'><strong>bene</strong></span> <span class='ocrx_word' id='word_1_64' title='bbox 233 1340 343 1404; x_wconf 88' lang='lat' dir='ltr'><strong>dc&#39;eo</strong></span> <span class='ocrx_word' id='word_1_65' title='bbox 373 1342 549 1422; x_wconf 81' lang='lat' dir='ltr'>disponere</span> <span class='ocrx_word' id='word_1_66' title='bbox 579 1351 613 1402; x_wconf 86' lang='lat' dir='ltr'><strong>et</strong></span> <span class='ocrx_word' id='word_1_67' title='bbox 640 1362 698 1421; x_wconf 90' lang='lat' dir='ltr'><strong>per</strong></span> <span class='ocrx_word' id='word_1_68' title='bbox 727 1354 906 1422; x_wconf 88' lang='lat' dir='ltr'><strong>temporum</strong></span> <span class='ocrx_word' id='word_1_69' title='bbox 934 1349 1114 1410; x_wconf 83' lang='lat' dir='ltr'><strong>successio·</strong></span> 
     </span>
     <span class='ocr_line' id='line_1_11' title="bbox 52 1451 1113 1540; baseline 0.002 -20"><span class='ocrx_word' id='word_1_70' title='bbox 52 1523 56 1529; x_wconf 71' lang='grc'><strong>,</strong></span> <span class='ocrx_word' id='word_1_71' title='bbox 119 1477 192 1520; x_wconf 93' lang='lat' dir='ltr'><strong>nem</strong></span> <span class='ocrx_word' id='word_1_72' title='bbox 212 1457 305 1519; x_wconf 89' lang='lat' dir='ltr'><strong>donis</strong></span> <span class='ocrx_word' id='word_1_73' title='bbox 320 1457 445 1540; x_wconf 82' lang='lat' dir='ltr'><strong>gratiae</strong></span> <span class='ocrx_word' id='word_1_74' title='bbox 462 1451 542 1517; x_wconf 81' lang='lat' dir='ltr'><strong>suae</strong></span> <span class='ocrx_word' id='word_1_75' title='bbox 565 1454 607 1517; x_wconf 89' lang='lat' dir='ltr'><strong>ad</strong></span> <span class='ocrx_word' id='word_1_76' title='bbox 625 1457 724 1518; x_wconf 90' lang='lat' dir='ltr'><strong>vitam</strong></span> <span class='ocrx_word' id='word_1_77' title='bbox 743 1465 910 1518; x_wconf 89' lang='lat' dir='ltr'><strong>aeternam</strong></span> <span class='ocrx_word' id='word_1_78' title='bbox 928 1477 999 1520; x_wconf 90' lang='lat' dir='ltr'><strong>enm</strong></span> <span class='ocrx_word' id='word_1_79' title='bbox 1017 1481 1113 1539; x_wconf 84' lang='lat' dir='ltr'><strong>prae-</strong></span> 
     </span>
     <span class='ocr_line' id='line_1_12' title="bbox 118 1565 1177 1651; baseline 0.005 -19"><span class='ocrx_word' id='word_1_80' title='bbox 118 1591 246 1651; x_wconf 89' lang='lat' dir='ltr'><strong>parare.</strong></span> <span class='ocrx_word' id='word_1_81' title='bbox 291 1565 387 1631; x_wconf 89' lang='lat' dir='ltr'><strong>Unde</strong></span> <span class='ocrx_word' id='word_1_82' title='bbox 410 1589 481 1631; x_wconf 90' lang='lat' dir='ltr'><strong>cum</strong></span> <span class='ocrx_word' id='word_1_83' title='bbox 505 1568 598 1630; x_wconf 88' lang='lat' dir='ltr'><strong>dico:</strong></span> <span class='ocrx_word' id='word_1_84' title='bbox 622 1565 714 1629; x_wconf 90' lang='lat' dir='ltr'><strong>Deus</strong></span> <span class='ocrx_word' id='word_1_85' title='bbox 738 1567 846 1649; x_wconf 84' lang='lat' dir='ltr'><strong>diligit</strong></span> <span class='ocrx_word' id='word_1_86' title='bbox 866 1567 971 1646; x_wconf 92' lang='lat' dir='ltr'><strong>illum,</strong></span> <span class='ocrx_word' id='word_1_87' title='bbox 995 1592 1113 1636; x_wconf 85' lang='lat' dir='ltr'><strong>sensus</strong></span> <span class='ocrx_word' id='word_1_88' title='bbox 1175 1565 1177 1571; x_wconf 45' lang='lat'><strong>¹</strong></span> 
     </span>
     <span class='ocr_line' id='line_1_13' title="bbox 121 1675 1114 1761; baseline 0.008 -18"><span class='ocrx_word' id='word_1_89' title='bbox 121 1694 189 1745; x_wconf 84' lang='lat' dir='ltr'><strong>est:</strong></span> <span class='ocrx_word' id='word_1_90' title='bbox 221 1680 262 1744; x_wconf 86' lang='lat' dir='ltr'><strong>de</strong></span> <span class='ocrx_word' id='word_1_91' title='bbox 287 1678 394 1742; x_wconf 85' lang='lat' dir='ltr'><strong>salute</strong></span> <span class='ocrx_word' id='word_1_92' title='bbox 424 1681 496 1761; x_wconf 88' lang='lat' dir='ltr'><strong>ejus</strong></span> <span class='ocrx_word' id='word_1_93' title='bbox 520 1675 561 1740; x_wconf 91' lang='lat' dir='ltr'><strong>ab</strong></span> <span class='ocrx_word' id='word_1_94' title='bbox 583 1689 716 1740; x_wconf 87' lang='lat' dir='ltr'><strong>aeterno</strong></span> <span class='ocrx_word' id='word_1_95' title='bbox 740 1679 910 1759; x_wconf 75' lang='lat' dir='ltr'><strong>disposuit,</strong></span> <span class='ocrx_word' id='word_1_96' title='bbox 934 1693 968 1742; x_wconf 90' lang='lat' dir='ltr'><strong>ut</strong></span> <span class='ocrx_word' id='word_1_97' title='bbox 986 1683 1114 1751; x_wconf 87' lang='lat' dir='ltr'><strong>scilicet</strong></span> 
     </span>
    </p>
   </div>
   <div class='ocr_carea' id='block_1_6' title="bbox 117 1789 1218 1880">
    <p class='ocr_par' dir='ltr' id='par_1_9' title="bbox 117 1789 1218 1880">
     <span class='ocr_line' id='line_1_14' title="bbox 117 1789 1218 1880; baseline -0.004 -22"><span class='ocrx_word' id='word_1_98' title='bbox 117 1797 345 1875; x_wconf 69' lang='lat' dir='ltr'><strong>inpraesenti</strong></span> <span class='ocrx_word' id='word_1_99' title='bbox 377 1793 445 1854; x_wconf 89' lang='lat' dir='ltr'><strong>vita</strong></span> <span class='ocrx_word' id='word_1_100' title='bbox 473 1789 606 1874; x_wconf 80' lang='lat' dir='ltr'><strong>aliquod</strong></span> <span class='ocrx_word' id='word_1_101' title='bbox 636 1791 753 1854; x_wconf 93' lang='lat' dir='ltr'><strong>bonum</strong></span> <span class='ocrx_word' id='word_1_102' title='bbox 785 1792 816 1854; x_wconf 91' lang='lat' dir='ltr'><strong>ei</strong></span> <span class='ocrx_word' id='word_1_103' title='bbox 845 1791 1023 1878; x_wconf 85' lang='lat' dir='ltr'><strong>largiatur,</strong></span> <span class='ocrx_word' id='word_1_104' title='bbox 1055 1822 1113 1880; x_wconf 71' lang='lat' dir='ltr'><strong>per</strong></span> <span class='ocrx_word' id='word_1_105' title='bbox 1214 1851 1218 1854; x_wconf 84' lang='lat'>.</span> 
     </span>
    </p>
   </div>
   <div class='ocr_carea' id='block_1_7' title="bbox 108 1899 1168 3683">
    <p class='ocr_par' dir='ltr' id='par_1_10' title="bbox 108 1899 1168 3683">
     <span class='ocr_line' id='line_1_15' title="bbox 118 1899 1113 1989; baseline 0.006 -21"><span class='ocrx_word' id='word_1_106' title='bbox 118 1906 202 1989; x_wconf 89' lang='lat' dir='ltr'><strong>quod</strong></span> <span class='ocrx_word' id='word_1_107' title='bbox 225 1904 382 1968; x_wconf 86' lang='lat' dir='ltr'><strong>salvetur.</strong></span> <span class='ocrx_word' id='word_1_108' title='bbox 427 1899 547 1967; x_wconf 89' lang='lat' dir='ltr'><strong>Nullus</strong></span> <span class='ocrx_word' id='word_1_109' title='bbox 576 1905 663 1965; x_wconf 91' lang='lat' dir='ltr'><strong>enim</strong></span> <span class='ocrx_word' id='word_1_110' title='bbox 692 1916 797 1967; x_wconf 89' lang='lat' dir='ltr'><strong>motus</strong></span> <span class='ocrx_word' id='word_1_111' title='bbox 828 1918 878 1966; x_wconf 87' lang='lat' dir='ltr'><strong>est</strong></span> <span class='ocrx_word' id='word_1_112' title='bbox 907 1909 940 1968; x_wconf 91' lang='lat' dir='ltr'><strong>in</strong></span> <span class='ocrx_word' id='word_1_113' title='bbox 972 1907 1046 1972; x_wconf 91' lang='lat' dir='ltr'><strong>Deo</strong></span> <span class='ocrx_word' id='word_1_114' title='bbox 1070 1912 1113 1978; x_wconf 86' lang='lat' dir='ltr'><strong>ad</strong></span> 
     </span>
     <span class='ocr_line' id='line_1_16' title="bbox 117 2013 1112 2100; baseline 0.007 -19"><span class='ocrx_word' id='word_1_115' title='bbox 117 2039 176 2082; x_wconf 87' lang='lat' dir='ltr'><strong>nos</strong></span> <span class='ocrx_word' id='word_1_116' title='bbox 202 2017 418 2100; x_wconf 82' lang='lat' dir='ltr'><strong>diligendum,</strong></span> <span class='ocrx_word' id='word_1_117' title='bbox 444 2016 528 2077; x_wconf 86' lang='lat' dir='ltr'><strong>sicut</strong></span> <span class='ocrx_word' id='word_1_118' title='bbox 550 2027 601 2076; x_wconf 85' lang='lat' dir='ltr'><strong>est</strong></span> <span class='ocrx_word' id='word_1_119' title='bbox 623 2016 656 2076; x_wconf 91' lang='lat' dir='ltr'><strong>in</strong></span> <span class='ocrx_word' id='word_1_120' title='bbox 685 2013 780 2078; x_wconf 89' lang='lat' dir='ltr'><strong>nubis</strong></span> <span class='ocrx_word' id='word_1_121' title='bbox 811 2016 851 2078; x_wconf 88' lang='lat' dir='ltr'><strong>ad</strong></span> <span class='ocrx_word' id='word_1_122' title='bbox 879 2019 995 2098; x_wconf 87' lang='lat' dir='ltr'><strong>ipsum.</strong></span> <span class='ocrx_word' id='word_1_123' title='bbox 1041 2020 1112 2088; x_wconf 81' lang='lat' dir='ltr'><strong>Nos</strong></span> 
     </span>
     <span class='ocr_line' id='line_1_17' title="bbox 117 2125 1110 2211; baseline 0.008 -18"><span class='ocrx_word' id='word_1_124' title='bbox 117 2132 295 2194; x_wconf 89' lang='lat' dir='ltr'><strong>enimcum</strong></span> <span class='ocrx_word' id='word_1_125' title='bbox 317 2127 424 2192; x_wconf 92' lang='lat' dir='ltr'><strong>Deum</strong></span> <span class='ocrx_word' id='word_1_126' title='bbox 447 2125 631 2211; x_wconf 86' lang='lat' dir='ltr'><strong>diligimus,</strong></span> <span class='ocrx_word' id='word_1_127' title='bbox 649 2126 766 2192; x_wconf 77' lang='lat' dir='ltr'><strong>&#39;taleni</strong></span> <span class='ocrx_word' id='word_1_128' title='bbox 794 2141 914 2193; x_wconf 87' lang='lat' dir='ltr'><strong>motum</strong></span> <span class='ocrx_word' id='word_1_129' title='bbox 945 2134 1044 2196; x_wconf 88' lang='lat' dir='ltr'><strong>animi</strong></span> <span class='ocrx_word' id='word_1_130' title='bbox 1067 2137 1110 2201; x_wconf 90' lang='lat' dir='ltr'><strong>ad</strong></span> 
     </span>
     <span class='ocr_line' id='line_1_18' title="bbox 115 2238 1110 2332; baseline -0.002 -24"><span class='ocrx_word' id='word_1_131' title='bbox 115 2247 220 2325; x_wconf 88' lang='lat' dir='ltr'><strong>ipsum</strong></span> <span class='ocrx_word' id='word_1_132' title='bbox 244 2238 414 2304; x_wconf 87' lang='lat' dir='ltr'><strong>habemus.</strong></span> <span class='ocrx_word' id='word_1_133' title='bbox 461 2239 520 2302; x_wconf 85' lang='lat' dir='ltr'><strong>Est</strong></span> <span class='ocrx_word' id='word_1_134' title='bbox 549 2242 633 2302; x_wconf 90' lang='lat' dir='ltr'><strong>enim</strong></span> <span class='ocrx_word' id='word_1_135' title='bbox 657 2242 797 2317; x_wconf 86' lang='lat' dir='ltr'><strong>caritas,</strong></span> <span class='ocrx_word' id='word_1_136' title='bbox 827 2253 862 2303; x_wconf 88' lang='lat' dir='ltr'><strong>ut</strong></span> <span class='ocrx_word' id='word_1_137' title='bbox 885 2244 931 2306; x_wconf 88' lang='lat' dir='ltr'><strong>ait</strong></span> <span class='ocrx_word' id='word_1_138' title='bbox 955 2245 1110 2332; x_wconf 75' lang='lat' dir='ltr'><strong>Augusti.</strong></span> 
     </span>
     <span class='ocr_line' id='line_1_19' title="bbox 116 2352 1109 2439; baseline 0.007 -19"><span class='ocrx_word' id='word_1_139' title='bbox 116 2363 196 2436; x_wconf 84' lang='lat' dir='ltr'><strong>nus,</strong></span> <span class='ocrx_word' id='word_1_140' title='bbox 226 2367 333 2418; x_wconf 85' lang='lat' dir='ltr'><strong>motus</strong></span> <span class='ocrx_word' id='word_1_141' title='bbox 360 2356 460 2418; x_wconf 90' lang='lat' dir='ltr'><strong>animi</strong></span> <span class='ocrx_word' id='word_1_142' title='bbox 483 2353 524 2417; x_wconf 84' lang='lat' dir='ltr'><strong>ad</strong></span> <span class='ocrx_word' id='word_1_143' title='bbox 556 2352 664 2416; x_wconf 91' lang='lat' dir='ltr'><strong>Deum</strong></span> <span class='ocrx_word' id='word_1_144' title='bbox 693 2353 892 2438; x_wconf 86' lang='lat' dir='ltr'><strong>diligendum</strong></span> <span class='ocrx_word' id='word_1_145' title='bbox 921 2372 1051 2439; x_wconf 88' lang='lat' dir='ltr'><strong>propter</strong></span> <span class='ocrx_word' id='word_1_146' title='bbox 1072 2383 1109 2426; x_wconf 85' lang='lat' dir='ltr'><strong>se</strong></span> 
     </span>
     <span class='ocr_line' id='line_1_20' title="bbox 118 2466 1110 2552; baseline 0.004 -18"><span class='ocrx_word' id='word_1_147' title='bbox 118 2481 150 2534; x_wconf 88' lang='lat' dir='ltr'><strong>et</strong></span> <span class='ocrx_word' id='word_1_148' title='bbox 172 2471 352 2550; x_wconf 85' lang='lat' dir='ltr'><strong>proximum</strong></span> <span class='ocrx_word' id='word_1_149' title='bbox 374 2479 506 2549; x_wconf 85' lang='lat' dir='ltr'><strong>propter</strong></span> <span class='ocrx_word' id='word_1_150' title='bbox 528 2466 649 2531; x_wconf 87' lang='lat' dir='ltr'><strong>Deum.</strong></span> <span class='ocrx_word' id='word_1_151' title='bbox 697 2467 762 2540; x_wconf 81' lang='lat' dir='ltr'><strong>Hic</strong></span> <span class='ocrx_word' id='word_1_152' title='bbox 793 2467 880 2530; x_wconf 88' lang='lat' dir='ltr'><strong>solet</strong></span> <span class='ocrx_word' id='word_1_153' title='bbox 910 2474 1038 2552; x_wconf 90' lang='lat' dir='ltr'><strong>quaeri,</strong></span> <span class='ocrx_word' id='word_1_154' title='bbox 1067 2495 1110 2540; x_wconf 89' lang='lat' dir='ltr'><strong>an</strong></span> 
     </span>
     <span class='ocr_line' id='line_1_21' title="bbox 114 2579 1110 2666; baseline 0.002 -17"><span class='ocrx_word' id='word_1_155' title='bbox 114 2583 206 2649; x_wconf 88' lang='lat' dir='ltr'><strong>Deus</strong></span> <span class='ocrx_word' id='word_1_156' title='bbox 230 2581 372 2662; x_wconf 79' lang='lat' dir='ltr'><strong>aliquem</strong></span> <span class='ocrx_word' id='word_1_157' title='bbox 395 2579 513 2666; x_wconf 83' lang='lat' dir='ltr'><strong>diligat</strong></span> <span class='ocrx_word' id='word_1_158' title='bbox 535 2580 651 2656; x_wconf 88' lang='lat' dir='ltr'><strong>modo,</strong></span> <span class='ocrx_word' id='word_1_159' title='bbox 675 2600 770 2662; x_wconf 92' lang='lat' dir='ltr'><strong>quem</strong></span> <span class='ocrx_word' id='word_1_160' title='bbox 793 2601 857 2642; x_wconf 89' lang='lat' dir='ltr'><strong>non</strong></span> <span class='ocrx_word' id='word_1_161' title='bbox 881 2603 1009 2664; x_wconf 86' lang='lat' dir='ltr'><strong>semper</strong></span> <span class='ocrx_word' id='word_1_162' title='bbox 1023 2587 1110 2652; x_wconf 77' lang='lat' dir='ltr'><strong>&#39;dile-</strong></span> 
     </span>
     <span class='ocr_line' id='line_1_22' title="bbox 112 2691 1168 2782; baseline 0.004 -25"><span class='ocrx_word' id='word_1_163' title='bbox 112 2697 211 2762; x_wconf 79' lang='lat' dir='ltr'><strong>xerit.</strong></span> <span class='ocrx_word' id='word_1_164' title='bbox 268 2693 333 2756; x_wconf 84' lang='lat' dir='ltr'><strong>Sed</strong></span> <span class='ocrx_word' id='word_1_165' title='bbox 363 2693 499 2756; x_wconf 87' lang='lat' dir='ltr'><strong>dicimus</strong></span> <span class='ocrx_word' id='word_1_166' title='bbox 531 2696 675 2756; x_wconf 86' lang='lat' dir='ltr'><strong>minime.</strong></span> <span class='ocrx_word' id='word_1_167' title='bbox 726 2691 903 2766; x_wconf 80' lang='lat' dir='ltr'><strong>Quaeritur</strong></span> <span class='ocrx_word' id='word_1_168' title='bbox 934 2699 1051 2779; x_wconf 82' lang='lat' dir='ltr'><strong>etiam,</strong></span> <span class='ocrx_word' id='word_1_169' title='bbox 1080 2706 1110 2768; x_wconf 78' lang='lat' dir='ltr'><strong>si</strong></span> <span class='ocrx_word' id='word_1_170' title='bbox 1166 2776 1168 2782; x_wconf 73' lang='lat'>‚</span> 
     </span>
     <span class='ocr_line' id='line_1_23' title="bbox 113 2805 1109 2896; baseline -0.004 -24"><span class='ocrx_word' id='word_1_171' title='bbox 113 2807 206 2873; x_wconf 87' lang='lat' dir='ltr'><strong>Deus</strong></span> <span class='ocrx_word' id='word_1_172' title='bbox 228 2826 341 2868; x_wconf 85' lang='lat' dir='ltr'><strong>omnes</strong></span> <span class='ocrx_word' id='word_1_173' title='bbox 366 2805 499 2890; x_wconf 85' lang='lat' dir='ltr'><strong>diligat,</strong></span> <span class='ocrx_word' id='word_1_174' title='bbox 523 2809 576 2888; x_wconf 92' lang='lat' dir='ltr'><strong>qui</strong></span> <span class='ocrx_word' id='word_1_175' title='bbox 602 2829 673 2879; x_wconf 85' lang='lat' dir='ltr'><strong>eum</strong></span> <span class='ocrx_word' id='word_1_176' title='bbox 692 2805 842 2890; x_wconf 73' lang='lat' dir='ltr'><strong>diligunt.</strong></span> <span class='ocrx_word' id='word_1_177' title='bbox 877 2805 962 2873; x_wconf 87' lang='lat' dir='ltr'><strong>Non.</strong></span> <span class='ocrx_word' id='word_1_178' title='bbox 994 2810 1031 2874; x_wconf 82' lang='lat' dir='ltr'><strong>Si</strong></span> <span class='ocrx_word' id='word_1_179' title='bbox 1053 2835 1109 2896; x_wconf 84' lang='lat' dir='ltr'><strong>op.</strong></span> 
     </span>
     <span class='ocr_line' id='line_1_24' title="bbox 112 2920 1108 3008; baseline 0.005 -22"><span class='ocrx_word' id='word_1_180' title='bbox 112 2934 272 3005; x_wconf 87' lang='lat' dir='ltr'><strong>ponatur,</strong></span> <span class='ocrx_word' id='word_1_181' title='bbox 297 2920 383 3002; x_wconf 90' lang='lat' dir='ltr'><strong>quod</strong></span> <span class='ocrx_word' id='word_1_182' title='bbox 406 2922 471 2985; x_wconf 89' lang='lat' dir='ltr'><strong>ait:</strong></span> <span class='ocrx_word' id='word_1_183' title='bbox 504 2941 566 3004; x_wconf 85' lang='lat' dir='ltr'><strong>ego</strong></span> <span class='ocrx_word' id='word_1_184' title='bbox 588 2922 763 3005; x_wconf 81' lang='lat' dir='ltr'><strong>&#39;diligentes</strong></span> <span class='ocrx_word' id='word_1_185' title='bbox 786 2943 837 2984; x_wconf 90' lang='lat' dir='ltr'><strong>me</strong></span> <span class='ocrx_word' id='word_1_186' title='bbox 861 2922 984 3008; x_wconf 84' lang='lat' dir='ltr'><strong>diligo,</strong></span> <span class='ocrx_word' id='word_1_187' title='bbox 1011 2939 1043 2988; x_wconf 92' lang='lat' dir='ltr'><strong>et</strong></span> <span class='ocrx_word' id='word_1_188' title='bbox 1064 2931 1108 2990; x_wconf 75' lang='lat' dir='ltr'><strong>ie-</strong></span> 
     </span>
     <span class='ocr_line' id='line_1_25' title="bbox 111 3009 1108 3114; baseline -0.006 -15"><span class='ocrx_word' id='word_1_189' title='bbox 111 3036 226 3112; x_wconf 90' lang='lat' dir='ltr'><strong>milia,</strong></span> <span class='ocrx_word' id='word_1_190' title='bbox 249 3035 403 3112; x_wconf 84' lang='lat' dir='ltr'><strong>dicimus,</strong></span> <span class='ocrx_word' id='word_1_191' title='bbox 427 3031 512 3114; x_wconf 87' lang='lat' dir='ltr'><strong>quod</strong></span> <span class='ocrx_word' id='word_1_192' title='bbox 535 3032 575 3094; x_wconf 91' lang='lat' dir='ltr'><strong>de</strong></span> <span class='ocrx_word' id='word_1_193' title='bbox 596 3009 822 3112; x_wconf 79' lang='lat' dir='ltr'><strong>perseveranti</strong></span> <span class='ocrx_word' id='word_1_194' title='bbox 846 3034 1021 3100; x_wconf 78' lang='lat' dir='ltr'><strong>dilectione</strong></span> <span class='ocrx_word' id='word_1_195' title='bbox 1041 3039 1108 3101; x_wconf 89' lang='lat' dir='ltr'><strong>dic.</strong></span> 
     </span>
     <span class='ocr_line' id='line_1_26' title="bbox 110 3143 1107 3225; baseline 0.005 -13"><span class='ocrx_word' id='word_1_196' title='bbox 110 3161 178 3212; x_wconf 90' lang='lat' dir='ltr'><strong>tum</strong></span> <span class='ocrx_word' id='word_1_197' title='bbox 212 3157 275 3209; x_wconf 82' lang='lat' dir='ltr'><strong>est.</strong></span> <span class='ocrx_word' id='word_1_198' title='bbox 327 3143 392 3223; x_wconf 84' lang='lat' dir='ltr'><strong>Sed</strong></span> <span class='ocrx_word' id='word_1_199' title='bbox 426 3143 623 3219; x_wconf 90' lang='lat' dir='ltr'><strong>notandum,</strong></span> <span class='ocrx_word' id='word_1_200' title='bbox 655 3146 740 3225; x_wconf 88' lang='lat' dir='ltr'><strong>quod</strong></span> <span class='ocrx_word' id='word_1_201' title='bbox 770 3146 803 3208; x_wconf 91' lang='lat' dir='ltr'><strong>in</strong></span> <span class='ocrx_word' id='word_1_202' title='bbox 834 3145 1011 3212; x_wconf 82' lang='lat' dir='ltr'><strong>dilectione</strong></span> <span class='ocrx_word' id='word_1_203' title='bbox 1041 3150 1107 3217; x_wconf 86' lang='lat' dir='ltr'><strong>Dei</strong></span> 
     </span>
     <span class='ocr_line' id='line_1_27' title="bbox 110 3251 1107 3354; baseline 0.003 -30"><span class='ocrx_word' id='word_1_204' title='bbox 110 3259 221 3324; x_wconf 87' lang='lat' dir='ltr'><strong>nullus</strong></span> <span class='ocrx_word' id='word_1_205' title='bbox 244 3258 378 3337; x_wconf 87' lang='lat' dir='ltr'><strong>modus,</strong></span> <span class='ocrx_word' id='word_1_206' title='bbox 401 3255 510 3319; x_wconf 86' lang='lat' dir='ltr'><strong>nullus</strong></span> <span class='ocrx_word' id='word_1_207' title='bbox 534 3257 671 3337; x_wconf 86' lang='lat' dir='ltr'><strong>denique</strong></span> <span class='ocrx_word' id='word_1_208' title='bbox 693 3251 925 3354; x_wconf 29' lang='lat' dir='ltr'><strong>terminus&#39;est</strong></span> <span class='ocrx_word' id='word_1_209' title='bbox 952 3273 1107 3327; x_wconf 85' lang='lat' dir='ltr'><strong>statutus.</strong></span> 
     </span>
     <span class='ocr_line' id='line_1_28' title="bbox 113 3357 1108 3452; baseline 0.001 -15"><span class='ocrx_word' id='word_1_210' title='bbox 113 3371 152 3438; x_wconf 88' lang='lat' dir='ltr'><strong>ln</strong></span> <span class='ocrx_word' id='word_1_211' title='bbox 181 3371 356 3436; x_wconf 85' lang='lat' dir='ltr'><strong>dilectione</strong></span> <span class='ocrx_word' id='word_1_212' title='bbox 388 3390 466 3433; x_wconf 91' lang='lat' dir='ltr'><strong>vero</strong></span> <span class='ocrx_word' id='word_1_213' title='bbox 500 3371 644 3452; x_wconf 78' lang='lat' dir='ltr'><strong>proximi</strong></span> <span class='ocrx_word' id='word_1_214' title='bbox 678 3383 729 3434; x_wconf 86' lang='lat' dir='ltr'><strong>est</strong></span> <span class='ocrx_word' id='word_1_215' title='bbox 758 3393 920 3436; x_wconf 87' lang='lat' dir='ltr'><strong>mensura.</strong></span> <span class='ocrx_word' id='word_1_216' title='bbox 975 3357 1108 3443; x_wconf 87' lang='lat' dir='ltr'><strong>Dictum</strong></span> 
     </span>
     <span class='ocr_line' id='line_1_29' title="bbox 110 3481 1106 3568; baseline 0.005 -19"><span class='ocrx_word' id='word_1_217' title='bbox 110 3497 162 3550; x_wconf 88' lang='lat' dir='ltr'><strong>est</strong></span> <span class='ocrx_word' id='word_1_218' title='bbox 196 3481 459 3568; x_wconf 81' lang='lat' dir='ltr'><strong>euim,·diliges</strong></span> <span class='ocrx_word' id='word_1_219' title='bbox 496 3482 674 3547; x_wconf 91' lang='lat' dir='ltr'><strong>Dominum</strong></span> <span class='ocrx_word' id='word_1_220' title='bbox 706 3483 812 3547; x_wconf 91' lang='lat' dir='ltr'><strong>Deum</strong></span> <span class='ocrx_word' id='word_1_221' title='bbox 846 3495 933 3549; x_wconf 91' lang='lat' dir='ltr'><strong>tuum</strong></span> <span class='ocrx_word' id='word_1_222' title='bbox 967 3510 1008 3552; x_wconf 88' lang='lat' dir='ltr'><strong>ex</strong></span> <span class='ocrx_word' id='word_1_223' title='bbox 1036 3502 1106 3554; x_wconf 90' lang='lat' dir='ltr'><strong>toto</strong></span> 
     </span>
     <span class='ocr_line' id='line_1_30' title="bbox 108 3574 1107 3683; baseline 0.007 -23"><span class='ocrx_word' id='word_1_224' title='bbox 108 3574 208 3661; x_wconf 85' lang='lat' dir='ltr'><strong>corde</strong></span> <span class='ocrx_word' id='word_1_225' title='bbox 231 3611 294 3662; x_wconf 89' lang='lat' dir='ltr'><strong>etc.</strong></span> <span class='ocrx_word' id='word_1_226' title='bbox 339 3599 390 3662; x_wconf 85' lang='lat' dir='ltr'><strong>Ex</strong></span> <span class='ocrx_word' id='word_1_227' title='bbox 413 3612 481 3661; x_wconf 89' lang='lat' dir='ltr'><strong>toto</strong></span> <span class='ocrx_word' id='word_1_228' title='bbox 512 3599 610 3662; x_wconf 86' lang='lat' dir='ltr'><strong>corde</strong></span> <span class='ocrx_word' id='word_1_229' title='bbox 641 3598 768 3683; x_wconf 85' lang='lat' dir='ltr'><strong>diligit,</strong></span> <span class='ocrx_word' id='word_1_230' title='bbox 803 3603 856 3681; x_wconf 89' lang='lat' dir='ltr'><strong>qui</strong></span> <span class='ocrx_word' id='word_1_231' title='bbox 886 3617 1019 3682; x_wconf 84' lang='lat' dir='ltr'><strong>paratus</strong></span> <span class='ocrx_word' id='word_1_232' title='bbox 1043 3617 1107 3682; x_wconf 87' lang='lat' dir='ltr'><strong>est,</strong></span> 
     </span>
    </p>
   </div>
   <div class='ocr_carea' id='block_1_8' title="bbox 13 3709 1103 3798">
    <p class='ocr_par' dir='ltr' id='par_1_11' title="bbox 13 3709 1103 3798">
     <span class='ocr_line' id='line_1_31' title="bbox 13 3709 1103 3798; baseline 0.001 -21"><span class='ocrx_word' id='word_1_233' title='bbox 13 3752 22 3764; x_wconf 50' lang='grc' dir='ltr'>ι</span> <span class='ocrx_word' id='word_1_234' title='bbox 108 3714 141 3776; x_wconf 84' lang='lat' dir='ltr'><strong>ei</strong></span> <span class='ocrx_word' id='word_1_235' title='bbox 176 3711 309 3777; x_wconf 87' lang='lat' dir='ltr'><strong>obedire</strong></span> <span class='ocrx_word' id='word_1_236' title='bbox 343 3734 402 3796; x_wconf 94' lang='lat' dir='ltr'><strong>pro</strong></span> <span class='ocrx_word' id='word_1_237' title='bbox 435 3732 533 3792; x_wconf 89' lang='lat' dir='ltr'><strong>posse</strong></span> <span class='ocrx_word' id='word_1_238' title='bbox 564 3732 636 3774; x_wconf 85' lang='lat' dir='ltr'><strong>suo.</strong></span> <span class='ocrx_word' id='word_1_239' title='bbox 681 3709 821 3788; x_wconf 86' lang='lat' dir='ltr'><strong>Cetera,</strong></span> <span class='ocrx_word' id='word_1_240' title='bbox 855 3733 938 3794; x_wconf 87' lang='lat' dir='ltr'><strong>qnae</strong></span> <span class='ocrx_word' id='word_1_241' title='bbox 962 3735 1103 3798; x_wconf 86' lang='lat' dir='ltr'><strong>sequun-</strong></span> 
     </span>
    </p>
   </div>
   <div class='ocr_carea' id='block_1_9' title="bbox 107 3818 1108 4024">
    <p class='ocr_par' dir='ltr' id='par_1_12' title="bbox 107 3818 1108 4024">
     <span class='ocr_line' id='line_1_32' title="bbox 109 3818 1108 3905; baseline 0.003 -17"><span class='ocrx_word' id='word_1_242' title='bbox 109 3839 182 3905; x_wconf 88' lang='lat' dir='ltr'><strong>tur,</strong></span> <span class='ocrx_word' id='word_1_243' title='bbox 205 3823 444 3888; x_wconf 85' lang='lat' dir='ltr'><strong>inculcationes</strong></span> <span class='ocrx_word' id='word_1_244' title='bbox 467 3835 561 3897; x_wconf 83' lang='lat' dir='ltr'><strong>sunt3</strong></span> <span class='ocrx_word' id='word_1_245' title='bbox 598 3822 664 3886; x_wconf 89' lang='lat' dir='ltr'><strong>tale</strong></span> <span class='ocrx_word' id='word_1_246' title='bbox 688 3824 773 3886; x_wconf 93' lang='lat' dir='ltr'><strong>enim</strong></span> <span class='ocrx_word' id='word_1_247' title='bbox 805 3835 875 3902; x_wconf 85' lang='lat' dir='ltr'><strong>est,</strong></span> <span class='ocrx_word' id='word_1_248' title='bbox 907 3829 995 3890; x_wconf 88' lang='lat' dir='ltr'><strong>acsi</strong></span> <span class='ocrx_word' id='word_1_249' title='bbox 1018 3818 1108 3891; x_wconf 77' lang='lat' dir='ltr'><strong>dica·</strong></span> 
     </span>
     <span class='ocr_line' id='line_1_33' title="bbox 107 3935 1105 4024; baseline -0.008 -20"><span class='ocrx_word' id='word_1_250' title='bbox 107 3951 184 4006; x_wconf 77' lang='lat' dir='ltr'><strong>tort</strong></span> <span class='ocrx_word' id='word_1_251' title='bbox 217 3939 257 4004; x_wconf 86' lang='lat' dir='ltr'><strong>ad</strong></span> <span class='ocrx_word' id='word_1_252' title='bbox 282 3941 353 4024; x_wconf 82' lang='lat' dir='ltr'><strong>ejus</strong></span> <span class='ocrx_word' id='word_1_253' title='bbox 376 3937 570 4022; x_wconf 84' lang='lat' dir='ltr'><strong>obsequium</strong></span> <span class='ocrx_word' id='word_1_254' title='bbox 593 3935 790 4020; x_wconf 88' lang='lat' dir='ltr'><strong>implendum</strong></span> <span class='ocrx_word' id='word_1_255' title='bbox 819 3948 920 4003; x_wconf 84' lang='lat' dir='ltr'><strong>totam</strong></span> <span class='ocrx_word' id='word_1_256' title='bbox 949 3939 1105 4004; x_wconf 82' lang='lat' dir='ltr'><strong>intentio.</strong></span> 
     </span>
    </p>
   </div>
   <div class='ocr_carea' id='block_1_10' title="bbox 0 0 1374 4486">
    <p class='ocr_par' dir='ltr' id='par_1_13' title="bbox 0 0 1374 4486">
     <span class='ocr_line' id='line_1_34' title="bbox 0 0 1374 4486; baseline 0 5"><span class='ocrx_word' id='word_1_257' title='bbox 0 0 1374 4486; x_wconf 95' lang='lat' dir='ltr'><strong> </strong></span> 
     </span>
    </p>
   </div>
  </div>
 </body>
</html>
