2774 4486
565 177 890 252 *26-

187 365 422 430 remotorum
435 353 595 420 commoti
610 364 685 422 root
700 351 902 439 gravissime·
928 351 1060 421 Etenim
1071 362 1146 439 pou
1157 365 1277 424 muru.

187 459 371 527 dialectices
385 455 490 522 erudio
505 478 574 520 non
584 453 768 533 defuerunt,
780 455 836 540 qui
847 453 1041 522 sententiam
1056 455 1154 542 plene
1168 455 1271 526 utinm

188 558 333 648 amplexi
364 556 463 625 fidem
492 579 534 622 ex
558 557 726 623 intellectu
759 555 925 641 proficisci
952 568 1134 625 assererent
1163 579 1270 641 nequo

187 663 367 750 quidquam
393 659 456 726 uisi
473 657 559 744 quod
580 657 784 724 intellectum
805 669 904 736 emet,
933 657 1026 726 credi
1041 659 1160 724 debere
1176 657 1271 724 affir-

188 773 338 834 marent
368 760 583 828 Rosoeliuum
616 760 690 825 dico
712 760 848 845 eiusque
872 760 1031 828 familiam
1058 761 1297 840 nomiudem'

187 867 246 952 qui
267 866 389 930 virtute
418 885 478 948 per
506 863 731 929 auctoritatem
760 884 854 927 ouem
876 862 1053 930 hominum
1079 864 1207 928 animos
1228 863 1270 924 ad

186 963 494 1037 fidem-adducendi
515 964 683 1039 doctrinae
704 963 937 1031 ecoleeieetioee
964 988 1032 1031 uon
1058 985 1210 1028 concesso
1233 964 1269 1028 id

186 1072 295 1136 eolum
321 1089 383 1154 pro
404 1087 486 1132 vero
510 1065 699 1132 habendum
725 1088 794 1130 esse
816 1067 1000 1144 duxerunt,
1027 1066 1116 1152 quod
1136 1079 1273 1134 strenue

187 1166 1273 1260 exploratumergumentiequecomprobatumhumenointeiieotui

187 1299 223 1342 ee
236 1270 508 1338 commendasset.
550 1269 731 1356 Theologie
755 1269 854 1354 igitur
876 1293 916 1335 eo
935 1269 1043 1334 norim
1057 1281 1172 1336 contra
1186 1270 1273 1336 isto·

185 1397 268 1444 rum¹
276 1369 471 1460 opinionem
484 1371 697 1458 pugnandum
711 1372 782 1448 tuit,
799 1394 865 1459 quo
878 1374 981 1458 magis
994 1395 1061 1438 non
1075 1371 1151 1438 fidoi
1162 1371 1271 1438 mlum

187 1472 339 1563 dignitati
362 1472 539 1560 derogare,
566 1474 624 1542 ned
654 1495 820 1542 noeentum
843 1475 1012 1542 doctrinae
1038 1472 1273 1541 ecclesiasticae

187 1575 414 1669 praebendum
443 1576 541 1663 pleno
562 1585 712 1640 evertere
733 1574 937 1646 viderentur.
985 1577 1138 1661 Namque
1165 1597 1270 1660 quum

186 1684 272 1750 hene
285 1699 450 1746 summum
463 1677 567 1762 legem
584 1677 760 1754 haberent,
782 1677 866 1744 nihil
882 1677 1085 1746 credendum
1099 1701 1182 1753 esee,
1203 1681 1276 1740 ndei

187 1783 277 1870 quod
291 1781 492 1848 intellectum
509 1791 609 1855 esset,
633 1778 729 1844 facile
749 1803 790 1844 eo
808 1782 957 1867 perducti
978 1791 1068 1856 sunt,
1097 1791 1132 1844 ut
1146 1777 1269 1862 siquid

186 1886 356 1954 intellectu
370 1905 488 1968 oepere
509 1904 575 1946 non
599 1879 795 1968 potuissent,
817 1881 852 1948 id
868 1905 1014 1956 ererum
1028 1882 1270 1946 credendorum

187 1981 610 2072 numeroprosoribendnm
623 2006 692 2048 esse
707 1980 855 2048 dicerent
868 1997 976 2070 etque,
989 1981 1269 2070 quemadmodum

186 2091 574 2170 Anselmueoouquestue
587 2095 651 2160 est,
680 2083 873 2172 „insipienti
887 2086 994 2171 potius
1012 2082 1166 2172 superbie
1181 2083 1271 2148 iudi-

185 2201 343 2278 „coreut,
365 2187 552 2255 nuliatenus
567 2209 660 2273 posse
679 2209 764 2263 esse,
790 2209 887 2273 quam
910 2187 1028 2252 humili
1045 2184 1204 2271 sapientie
1218 2183 1272 2248 fa-

186 2302 377 2379 „terentur‚
399 2313 466 2354 esse
482 2289 583 2354 multa
598 2312 707 2376 posse,
730 2312 811 2373 quae
832 2287 897 2374 ipsi
917 2311 984 2353 non
1008 2288 1156 2352 valerent
1175 2309 1271 2350 oom-

186 2392 458 2484 „prehendere“.
484 2391 593 2455 Huius
611 2391 745 2474 quidem
759 2391 1046 2477 andaciaepartem
1062 2389 1114 2452 vel
1125 2389 1270 2475 speciem

185 2499 300 2562 saltem
315 2492 515 2560 odiosiorem
531 2491 659 2557 etiamsi
679 2513 698 2554 a
711 2491 998 2556 verisimilitudine
1012 2481 1118 2578 prope
1128 2489 1273 2554 abfuerit

186 2599 227 2666 ed
252 2594 519 2662 adversariorum
535 2593 720 2657 calumnias·
730 2591 875 2670 referre,
903 2594 960 2679 qui
982 2594 1036 2681 pio
1058 2591 1192 2656 torvore
1213 2613 1273 2656 eo-

186 2697 277 2769 oenei
292 2695 428 2774 muitum,
448 2695 489 2758 nd
505 2716 603 2780 quem
617 2693 755 2764 liberior
769 2694 881 2782 opinio
896 2696 1078 2763 necessario
1093 2698 1273 2785 abreptum
1385 2763 1386 2766 ,

186 2803 244 2880 eit,
266 2797 434 2866 interdum
453 2817 530 2860 cum
547 2794 624 2884 ipsis
643 2794 918 2883 philosophorum
939 2799 1078 2862 decretis
1098 2810 1272 2886 permute-

184 2903 311 2976 verint3
340 2899 373 2964 id
397 2913 506 2964 temen
533 2921 595 2986 pro
617 2907 706 2962 certo
727 2897 841 2964 haberi
865 2898 955 2975 licet,
979 2898 1078 2966 {uisse
1099 2901 1146 2964 eis
1169 2900 1272 2964 talem

188 3007 229 3072 de
246 3015 359 3071 mutua
378 3001 564 3068 intellectus
574 3012 671 3086 etque
687 2999 764 3065 fidei
779 3023 837 3066 seu
853 3001 1036 3086 theologiae
1051 3014 1147 3087 atque
1161 3002 1273 3088 philo-

186 3106 324 3194 eophiee
346 3103 584 3172 necessitudine
605 3104 820 3180 sententium,
841 3124 913 3186 ,qun
930 3125 1084 3186 magnam
1102 3102 1273 3168 doctrinae

188 3207 423 3275 ecclesiasticae
443 3216 589 3291 partem,
615 3207 788 3270 obscuram
803 3204 926 3293 quippe
942 3205 1117 3290 multisque
1130 3203 1275 3270 difficul-

186 3311 306 3378 tatibus
319 3306 526 3393 implicitum,
540 3305 602 3372 nisi
612 3307 792 3374 rationibus
805 3306 1031 3374 commendari
1041 3317 1159 3394 posset,
1174 3306 1274 3394 parvi

158 3480 252 3550 'quid
271 3477 322 3532 sibi
340 3479 373 3530 de
391 3479 452 3529 Deo
473 3476 582 3530 domino
602 3493 651 3530 suo
670 3477 705 3530 sit
754 3479 839 3531 iectus
857 3475 955 3528 rationi
973 3475 1110 3541 innititur,
1137 3477 1202 3530 fider
1222 3487 1274 3528 uuss
1383 3481 1384 3530 ἶ

187 3551 366 3604 eredendum:
396 3550 547 3612 eemundus,
571 3549 704 3614 quomodo
753 3545 888 3612 morituti,
906 3545 999 3612 opinio
1014 3547 1071 3597 sola
1086 3545 1269 3598 verisimilitu-

188 3623 223 3672 de
241 3635 274 3671 eo
297 3618 368 3686 quod
385 3625 459 3668 reete
477 3615 609 3682 creditur,
631 3626 705 3668 recte
755 3616 817 3668 dine
841 3631 871 3669 ee
893 3623 991 3666 tuetur.
1026 3615 1133 3666 Habent
1153 3616 1198 3666 illu
1216 3617 1273 3667 duo
1383 3655 1384 3664 ,

187 3687 361 3742 nihilominus
374 3684 411 3736 ei
431 3684 603 3754 cogitandum
623 3686 657 3737 eit
677 3695 705 3738 et
755 3693 855 3738 certam
873 3683 1028 3748 veritatem,
1047 3686 1095 3736 sed
1112 3685 1177 3736 fides
1197 3685 1276 3736 olau-

186 3757 368 3826 loquendum:
393 3754 486 3806 tertius
511 3754 569 3819 ipre
590 3753 642 3806 ium
660 3772 707 3806 re-
755 3771 812 3806 mnr
826 3760 867 3805 et
895 3753 1063 3818 involutam,
1097 3752 1277 3822 intelligentia

186 3843 248 3880 rum
266 3822 432 3903 experientia
452 3831 493 3874 eet
514 3821 546 3878 in
566 3825 706 3876 sentiendo
749 3825 853 3874 nudem
871 3830 898 3873 et
912 3821 1088 3874 menifestum.
1107 3851 1142 3862 -
1166 3823 1209 3874 Nil
1223 3835 1277 3874 net·
1333 3849 1336 3861 ·

187 3897 222 3948 de
241 3891 392 3946 dommo-in
406 3891 534 3942 bonitate.
554 3917 589 3934 «-
612 3895 706 3948 Bernh.
756 3899 811 3944 tem
837 3892 965 3942 malumus
988 3891 1076 3957 seireff
1102 3907 1180 3960 quem
1203 3907 1276 3959 quoe

189 3961 361 4042 Glneoeocde
381 3960 484 4016 nonsit.
508 3959 553 4027 V,
569 3964 596 4015 3.
624 3960 707 4014 Intel-
756 3962 810 4014 fide
831 3959 883 4013 iam
899 3959 1018 4036 sennua·-

1373 3197 1385 3322 i

1381 3343 1385 3460 i

1379 3531 1384 3654 i
