2740 4486
282 261 351 348 '8²0

292 447 401 532 gretia
431 449 684 534 ungitur'olei,
722 451 755 515 id
787 463 856 530 est,
891 452 928 517 lit
958 453 1135 520 membrum
1158 449 1286 532 Christi,

291 549 442 622 Christus
481 565 568 626 e‘uinr
602 561 781 628 chrismate
830 577 946 630 unotus
984 567 1120 649 dicitur,
1161 575 1290 637 vestitur

1359 533 1364 645 l

292 667 538 756 discoloribus,
575 676 717 741 diversis
739 677 927 741 ‘virtutibus
955 692 1102 745 ornatur.
1152 680 1205 747 De
1234 685 1289 751 lroo
1361 703 1363 727 ¹

291 799 522 870 recremento,
546 793 630 854 sicut
652 790 693 854 de
717 790 805 869 nliis,
831 791 1005 856 videndum
1029 806 1092 872 est,
1117 799 1193 881 quie
1214 797 1289 866 nihil

229 985 237 1002 ε
289 903 411 981 refert,
443 927 463 968 n
492 925 685 991 quocunque
718 904 812 967 detur
840 906 1120 994 ministro,'quin
1148 909 1289 972 minister
1359 955 1361 970 ,

288 1019 473 1093 ministrat,
496 1015 650 1080 Christus
673 1015 837 1098 baptizet:
872 1015 959 1081 unde
983 1016 1035 1082 hie
1058 1030 1127 1098 est,
1158 1022 1213 1107 qui
1235 1019 1289 1085 hu·

286 1121 410 1216 priuat.1
427 1165 429 1172 ·
447 1129 654 1211 Quapropter
674 1133 746 1192 sivo
776 1128 818 1192 ub
848 1128 1025 1195 haereticis
1057 1135 1130 1198 sive
1154 1155 1175 1198 a
1195 1131 1288 1200 leiois

287 1233 358 1310 eive
382 1247 481 1308 etiem
503 1241 728 1308 umulieribus
750 1233 951 1308 necessitate
973 1247 1163 1310 imminente
1178 1239 1288 1328 detur,

284 1353 675 1445 nunquumreiteretur,
694 1357 769 1421 '²De
801 1356 911 1420 verbis
943 1357 1011 1442 illis
1046 1362 1160 1446 quneri
1190 1360 1288 1440 solet,

287 1455 380 1556 ou'jus
402 1472 486 1548 sint,
518 1491 559 1533 nn
591 1469 718 1534 seilicet
747 1471 839 1552 pueri
862 1459 1058 1553 en'putrlni.
1104 1471 1288 1556 Cujusoun·

285 1606 349 1672 qne
371 1571 531 1670 siqnidem
555 1584 620 1644 sint
641 1580 702 1646 ille
724 1579 843 1658 verbe,
873 1585 1004 1646 mentiri
1034 1597 1124 1648 certe
1145 1587 1288 1666 videtur,

285 1699 338 1783 qu'
399 1693 567 1779 espondet.
623 1691 660 1755 Si
687 1695 776 1757 enim
804 1693 846 1756 de
877 1713 914 1756 se
942 1681 1158 1778 respondeat:
1196 1697 1287 1764 Volo

280 1711 463 1891 hAEueri,
486 1809 640 1871 mentitur
662 1806 811 1892 quidem,
840 1809 1004 1893 quianon
1027 1812 1061 1875 in
1084 1813 1291 1876 conscientie

282 1939 343 1985 suu
372 1922 473 2007 gestit
502 1918 590 1984 velle
622 1917 793 2000 baptizari.
839 1917 875 1983 Si
895 1923 975 1984 item
1000 1923 1040 1986 do
1060 1944 1161 2004 puero
1184 1924 1289 2002 diost,

282 2047 343 2098 neo
366 2057 386 2098 u
407 2033 578 2125 mendesio
606 2033 737 2113 penitus
761 2036 913 2097 excusari
935 2046 1057 2116 potest.
1104 2034 1174 2099 Scit
1195 2037 1288 2099 enirn

279 2129 532 2232 proculdubio,
566 2144 672 2224 ipsum
701 2163 837 2224 puerum
868 2145 1000 2231 quidem
1021 2144 1108 2210 huno
1127 2145 1288 2212 volunte-

279 2269 346 2325 tem
375 2276 452 2332 non,
471 2254 612 2334 hebere,
642 2255 760 2341 quippo
790 2276 862 2321 oum
888 2255 1013 2322 nulline
1032 2256 1216 2323 voluntatis
1241 2258 1289 2324 sit

278 2363 433 2454 oo‘rrrpo's.¹
453 2365 567 2444 Quod
589 2367 663 2447 hoo,
684 2369 837 2454 inquam,
860 2369 945 2434 nolit
965 2361 1058 2460 puer,
1078 2372 1155 2436 iude
1177 2371 1290 2438 luoile

277 2495 387 2569 potest
412 2480 590 2564 perpendi,
626 2481 714 2567 quod
747 2492 902 2566 quantum
933 2495 1044 2565 potest
1075 2485 1288 2550 recalcitrent.¹

276 2597 344 2662 Sed
364 2597 526 2671 dicimus,
550 2591 637 2679 qnod
658 2593 805 2674 petrinus
826 2594 861 2658 in
882 2616 1025 2676 persone
1046 2599 1098 2661 sni
1118 2594 1287 2684 loquitur.

280 2697 496 2775 Curn‘uutem
518 2705 581 2768 oitr
615 2704 732 2779 oredo,
764 2704 834 2771 telo
856 2718 908 2772 est
927 2727 966 2771 uo
988 2710 1017 2774 si
1040 2709 1144 2790 diost,
1174 2709 1291 2778 telem

274 2811 373 2888 fidem
406 2818 534 2898 huben,
567 2839 631 2900 per·
654 2839 749 2904 quum
780 2818 833 2883 hio
862 2815 987 2885 salvari
1016 2833 1139 2903 potest.
1193 2822 1290 2890 Cum

275 2933 430 3002 similiter
449 2969 451 2976 ·
468 2931 663 3013 respondet,
702 2929 780 3004 volo
820 2932 1001 3016 baptizurl‘,
1050 2913 1169 3000 sensus
1214 2949 1290 3017 est,

272 3047 370 3126 volo,
410 3057 446 3110 ut
478 3045 543 3131 iste
577 3044 761 3128 baptizetur
794 3049 828 3110 in
848 3047 928 3112 “fido
955 3069 1040 3112 mee.
1092 3048 1293 3116 Serventur

272 3167 381 3225 temen
410 3156 519 3222 verbe
542 3157 636 3240 pueri
665 3161 788 3241 ipsius,
816 3170 853 3222 nt
881 3181 923 3224 ox
950 3143 1124 3225 idontitnte
1153 3164 1292 3228 verbo-

268 3279 340 3340 rum
361 3275 457 3356 pueri·
475 3271 633 3335 identitas
652 3273 775 3355 petrini
802 3272 845 3337 ed
872 3295 1006 3355 puerum
1027 3269 1171 3340 notetur.
1225 3276 1294 3344 De

269 3375 349 3454 luae⁸¹
368 3385 475 3449 forme
511 3383 680 3448 solendum
720 3395 789 3464 est,
829 3386 917 3473 qnod
950 3387 1072 3474 ubique
1105 3392 1293 3458 servande

269 3498 334 3563 est.¹
376 3495 468 3562 Dicit
497 3507 607 3561 tumen
637 3497 753 3586 beetur
774 3497 990 3579 Ambrosius,
1022 3503 1064 3568 in
1097 3506 1296 3570 nomine

269 3605 614 3689 Christi-baptisari
639 3630 758 3692 porse,
789 3613 866 3699 quie
884 3610 933 3677 ihi
954 3615 1084 3678 trinitus
1106 3613 1295 3705 intelligi-

266 3733 330 3785 tur.
354 3717 721 3802 intromitteretur,
744 3735 778 3787 et
798 3724 898 3804 Filii,
926 3709 1123 3809 et'spiritue
1143 3734 1297 3811 saneti,

263 3833 300 3896 id
319 3843 391 3910 est,
413 3831 622 3916 inuocatione
642 3832 755 3914 illius,
782 3838 834 3901 oui
857 3834 941 3902 nilril
962 3839 1118 3903 resistere
1140 3851 1297 3923 potest,

263 3937 461 4032 possumis
484 3947 652 4030 supienter
670 3951 792 4069 regins)
806 3933 865 4037 qui
895 3945 936 4015 de
964 3949 1115 4017 omnibus
1145 3953 1297 4022 eodem

1248 4137 1333 4255 J·
