2798 4486
274 239 326 338 ⁶⁸

277 401 479 482 mortuorum
501 417 544 500 ¹).
585 408 630 480 Et
651 407 743 480 alibi:
772 407 841 500 Qui
863 435 961 508 parce
984 410 1133 497 seminet,
1156 425 1189 482 et
1209 437 1278 482 me·

278 540 325 594 tet
344 532 387 615 ²).
433 522 536 611 Quod
558 546 635 591 vero
657 521 894 615 pionitudinem'
913 523 993 616 legis
1018 525 1183 592 caritatem
1206 549 1279 593 esse

279 637 367 722 dixit,
390 637 453 705 hoc
477 651 528 704 est
550 659 609 728 per
631 633 794 702 caritatem
818 636 924 729 legem
942 634 1111 730 adimpleri
1125 661 1193 706 non
1212 662 1280 704 oru-

279 774 339 818 nes
362 747 397 815 in
420 739 551 848 caritate
574 769 670 840 pares
695 770 767 816 esse
788 749 959 833 convincit,
983 774 1058 822 cnm
1075 773 1174 842 supra
1189 771 1280 816 man·

282 862 392 929 datum
416 859 533 928 caritas
557 882 592 926 se
617 857 778 931 extendat.
816 859 914 928 Unde
939 876 971 928 et
992 858 1046 928 itta
1069 875 1120 928 est
1138 858 1279 928 veritatis

200 1027 204 1040 .
280 970 463 1043 adhortatio
483 975 533 1064 ³):
563 967 648 1036 Corn
671 968 811 1039 feceritis
841 971 966 1057 omnia,
995 997 1079 1067 quae
1105 987 1281 1065 praecepta

164 1120 187 1174 '.
281 1101 372 1168 sunt,
395 1083 500 1164 dicite,
524 1080 609 1149 servi
631 1080 760 1150 inutsses
788 1108 909 1167 sumus,
933 1107 1016 1176 quae
1040 1082 1209 1152 debuimus
1224 1081 1280 1150 'ia-

281 1223 354 1266 cere
376 1194 524 1264 fecimus.
562 1192 638 1262 Hoc
662 1209 720 1275 est,
743 1218 802 1287 pro
826 1195 955 1264 modico
978 1195 1142 1289 reputetis,
1166 1196 1193 1263 si
1215 1193 1280 1264 hoc
1397 1187 1398 1190 ¹

202 1331 204 1337 ⁴
240 1299 243 1305 ¹
280 1309 387 1379 solum
408 1297 567 1400 impleatis
592 1305 680 1399 qood
704 1333 741 1374 ex
764 1323 938 1401 praecepto
957 1305 1091 1390 debetis,
1114 1299 1175 1375 nisi
1192 1305 1279 1375 vide·

280 1421 355 1492 licet
382 1418 490 1487 debito
518 1416 683 1511 praecepti
713 1417 834 1511 aliquid
861 1446 898 1487 ex
920 1419 1020 1510 gratia
1043 1417 1280 1513 superaddatis,

283 1548 316 1600 et
338 1531 401 1599 hoc
424 1545 487 1611 est,
518 1527 608 1622 qnod
637 1527 726 1596 dicit:
770 1530 858 1622 quod
882 1528 1051 1599 debuimus
1073 1529 1182 1598 iacere
1203 1528 1281 1598 feci·

280 1668 371 1712 mus:
402 1665 440 1709 ac
464 1640 491 1710 si
512 1639 658 1709 videlicet
681 1639 817 1710 diceret:
840 1642 915 1736 qnia
939 1641 974 1710 in
990 1641 1171 1737 expietione
1186 1665 1281 1736 prae·

284 1772 450 1849 ceptorum
476 1752 582 1822 debita
605 1767 729 1821 tantum
753 1753 907 1823 solvimus
931 1769 963 1822 et
986 1733 1077 1848 qnasi
1094 1752 1281 1822 necessaria
1375 1835 1378 1840 .

281 1892 352 1936 non
381 1864 518 1957 gratuita
547 1888 728 1958 operamur.
773 1862 859 1934 Corn
885 1889 963 1933 vero
996 1864 1112 1959 aliquis
1137 1863 1180 1932 ad
1203 1862 1280 1931 emi·

281 1959 426 2048 nentiam
449 1975 637 2069 virginitatis
665 1976 793 2060 transit,
821 1992 1031 2071 praeceptum
1053 1975 1162 2070 utique
1185 1975 1218 2043 in
1242 1999 1282 2044 ea

282 2088 491 2171 transcendit,
513 2088 554 2154 ad
571 2112 669 2182 qoam
686 2115 723 2158 ex
740 2103 915 2184 praecepto
932 2114 999 2157 non
1016 2087 1149 2180 cogitur.
1182 2085 1281 2156 Unde

282 2203 370 2290 idem
387 2198 532 2269 meminit
548 2199 745 2294 Apostolus:
767 2199 818 2268 De
836 2199 1009 2291 virginibus
1025 2215 1133 2268 autem
1152 2221 1281 2295 praece-

253 2312 256 2316 ’
282 2332 374 2410 ptum
394 2311 516 2380 domini
534 2336 602 2378 non
619 2311 723 2379 habeo
738 2319 784 2400 ⁴),
809 2309 978 2379 consilinm
996 2327 1103 2380 autern
1123 2311 1174 2382 do.
1213 2307 1282 2378 Sed

282 2426 316 2494 in
339 2424 389 2492 his
408 2422 528 2503 etiam,
557 2420 612 2514 qui
634 2421 740 2513 legem
763 2421 1007 2516 adimpleverint
1034 2449 1095 2492 nec
1116 2415 1307 2492 transcen-s

283 2531 465 2628 dier)i(n)'t‚
492 2533 597 2627 impar
621 2557 694 2600 esso
719 2533 833 2601 caritas
857 2546 982 2626 potest,
1014 2559 1086 2627 cum
1108 2534 1141 2602 in
1165 2534 1283 2620 eodem
1318 2533 1322 2541 ’

282 2646 433 2718 videlicet
455 2671 552 2739 opere
575 2647 679 2737 major
704 2644 815 2737 hujus,
847 2671 945 2740 quam
967 2645 1051 2714 illius
1079 2645 1121 2714 sit
1143 2645 1282 2714 caritatis
1307 2636 1308 2642 ἵ

230 2769 232 2779 “
283 2759 431 2830 affectus.
469 2755 572 2844 Quod
596 2755 692 2834 etiam
712 2757 874 2848 objectum
898 2775 947 2827 est
969 2785 1007 2826 ex
1029 2757 1084 2826 illo
1107 2757 1284 2850 Augustini

246 2956 253 2970 ·
283 2870 389 2947 dictos
424 2868 490 2936 Ubi
519 2883 569 2936 est
598 2867 714 2936 caritas
742 2869 887 2964 quidem,
918 2869 1008 2966 quod
1033 2869 1139 2964 possit
1167 2869 1283 2938 deesse

282 2998 317 3052 et
340 2983 417 3066 cetss,
462 2995 559 3049 nemo
588 2996 653 3062 est,
682 2980 736 3073 qui
766 2981 812 3050 sic
840 3007 914 3050 eum
943 2982 1110 3076 accepisse
1137 2980 1202 3050 hoc
1229 3003 1284 3050 ae-

181 3081 183 3096 ’
284 3096 408 3178 stimet,
427 3107 479 3170 ,ut
515 3092 663 3161 omnibus
699 3117 813 3162 omues
842 3093 876 3162 in
904 3093 1072 3175 virtutibus
1102 3109 1134 3163 et
1161 3093 1284 3162 meritis
1371 3174 1373 3180 .

283 3207 375 3276 unire
398 3206 483 3289 velit,
511 3205 601 3300 quod
623 3221 689 3272 tam
713 3203 879 3273 dominnm
903 3230 1001 3301 quam
1024 3196 1284 3299 apostolum'se-

285 3335 390 3400 cutus,
412 3315 480 3384 fere
505 3317 624 3410 ubique
648 3315 846 3414 contradicit.
884 3315 969 3385 Tale
993 3334 1042 3387 est
1064 3317 1172 3414 utique
1194 3316 1285 3413 qnod

285 3431 341 3514 ait,
363 3429 452 3524 quod
475 3428 605 3522 quidem
626 3429 733 3522 possit
756 3429 871 3500 deesse
885 3429 938 3498 od
956 3427 1107 3515 salutem,
1133 3429 1282 3505 sednon

285 3592 485 3610 m

302 3695 337 3769 l)
356 3675 374 3752 1Χ
392 3693 456 3753 Cor.
474 3694 534 3765 XV,
552 3699 594 3754 dl.

301 3798 563 3874 mommo.

300 3907 338 3979 3)
355 3904 419 3962 Luc.
436 3904 521 3974 XVII,
540 3909 584 3962 10.
650 3956 653 3965 .

231 4005 592 4083 .t)1cor.v11,2s
708 3992 713 4002 '
