2798 4486
203 341 204 348 ¹
271 318 319 394 tu

357 483 512 567 Philus.
553 490 643 590 Quid
664 507 697 564 et
718 491 759 562 de
780 485 869 585 ipsis,
891 512 973 586 quae
994 516 1054 585 pru
1076 491 1246 559 auctorita-
1306 543 1310 548 .

273 604 355 674 tibus
383 604 562 674 habentur?
601 625 709 672 nonne
737 603 770 670 in
798 602 875 695 ipsis
903 595 1072 695 plurimum
1104 604 1247 671 erratur?
1324 683 1327 691 .

272 705 412 816 alioquin
435 732 500 786 ndu
524 730 632 785 esseut
654 729 702 782 tot
724 706 798 780 tidei
821 728 926 780 sectae
948 712 1105 795 diuersae,
1133 713 1162 780 si
1185 713 1247 781 eis·

273 835 345 902 dem
368 851 479 900 omnes
502 823 742 894 auctoritatibus
766 837 934 892 uterentur.
972 819 1037 891 Sed
1052 840 1147 918 prout
1161 817 1247 919 quis·

203 977 208 994 ·
273 961 333 1038 que
355 939 483 1036 propria
504 935 627 1004 ratione
651 933 817 1015 deliberat,
846 931 960 1024 singuli
984 957 1063 1028 quas
1085 950 1248 1003 sectantur

272 1051 475 1124 auctoritates
503 1046 632 1138 eligunt.
680 1043 841 1139 'Alioquin
867 1041 1084 1130 indifferenter
1105 1043 1247 1116 omnium

241 1235 244 1243 ,
272 1164 495 1258 scripturarum
511 1154 688 1225 sententiae
704 1165 813 1223 essent
827 1152 1060 1247 suscipiendae,
1078 1154 1139 1224 uisi
1154 1156 1246 1240 ratio,

272 1299 353 1370 quae
375 1267 560 1340 naturaliter
579 1265 667 1361 prior
689 1264 735 1335 eis
759 1279 818 1347 est,
843 1261 983 1357 deipsis
1005 1267 1092 1358 prius
1116 1265 1248 1336 haberet

270 1383 422 1478 judicare.
457 1376 541 1449 Nam
557 1393 589 1446 et
602 1377 661 1471 ipsi
680 1374 735 1471 qui
751 1374 947 1469 scripserunt
963 1400 1030 1445 nou
1052 1375 1114 1444 uisi
1138 1404 1175 1446 ex
1196 1402 1248 1445 ra·

270 1497 367 1575 tione,
389 1513 450 1586 qua
466 1485 576 1558 eorum
590 1487 754 1555 abundare
768 1485 914 1554 videntur
929 1487 1116 1571 sententiae,
1138 1505 1253 1575 aucto·¹
1268 1519 1272 1526 ·

269 1606 403 1686 ritatem,
425 1602 486 1670 hoc
505 1613 554 1668 est
576 1596 727 1667 credendi
748 1595 922 1670 statim-eis
944 1616 1128 1667 meruerunt
1145 1599 1247 1692 digui-

270 1733 377 1784 tatem.
414 1710 507 1780 Adeo
530 1711 636 1778 autem
656 1706 801 1802 ipsorum
822 1733 951 1803 quoque
972 1707 1089 1800 judicio
1112 1710 1248 1780 auctori·
1337 1780 1339 1784 .

271 1825 326 1894 tati
348 1823 427 1894 ratio
449 1820 668 1915 praeponitur,
695 1833 732 1886 ut
752 1817 835 1886 sicut
855 1834 960 1887 vester
980 1820 1124 1888 meminit
1146 1821 1273 1902 Anto,

269 1935 358 2017 nius,
383 1959 459 2004 ¹cum
487 1931 645 2001 humanae
674 1927 807 1996 rationis
836 1951 951 1997 seusus
978 1929 1128 2000 inventor
1155 1931 1249 1999 fuerit
1300 1989 1313 2024 ,

270 2045 439 2126 literarum,
461 2042 511 2111 cui
533 2063 646 2111 seusus
669 2053 718 2109 est
738 2036 918 2122 incolumis,
940 2039 969 2108 ei
991 2040 1120 2136 mipime
1136 2055 1248 2111 ueces-

271 2157 373 2224 sariue
397 2153 460 2222 siut
481 2151 601 2248 literae.
645 2147 741 2236 Quae
771 2149 805 2218 iu
834 2149 920 2218 omni
942 2149 1163 2244 philosophica
1184 2149 1250 2220 dis-

271 2265 433 2358 putatione
456 2263 502 2330 ita
523 2259 731 2329 novissimum
754 2273 810 2344 aut
829 2257 950 2327 nullum
973 2259 1115 2329 obtinere
1138 2285 1247 2330 cense·
1331 2265 1332 2272 '

238 2396 240 2400 ·
270 2391 321 2441 tur
341 2371 458 2453 locum,
479 2377 547 2457 (23.
562 2368 622 2454 V.)
643 2382 678 2436 ut
700 2392 748 2450 ea,
771 2381 852 2461 quae
874 2391 895 2436 a
915 2368 962 2437 rei
981 2369 1099 2461 judicio
1121 2369 1141 2438 i.
1157 2396 1184 2440 e.
1207 2371 1248 2438 ab
1278 2417 1307 2466 '.
1397 2377 1398 2402 ¹

271 2482 455 2551 auctoritate
474 2479 632 2548 ducuntur
653 2493 850 2568 argumenta,
873 2503 929 2548 eos
949 2481 1080 2548 omniuo
1096 2479 1248 2550 inducere
1301 2565 1305 2580 ἱ

271 2571 410 2686 pudeat,
439 2588 491 2685 qui
522 2588 560 2656 de
587 2587 724 2682 propriis
752 2587 869 2656 viribus
896 2588 1094 2658 confidentes
1110 2590 1246 2660 'atienae

272 2703 342 2795 opis
370 2698 526 2789 refugium
556 2699 779 2791 dedignantur·
831 2697 928 2768 Unde
955 2700 1037 2769 bene
1064 2700 1249 2796 philosophi

271 2812 380 2880 talium
409 2825 668 2902 argumentorum
695 2808 785 2879 lucos
813 2809 951 2878 cunrad
974 2835 1030 2880 eos
1052 2827 1161 2881 orator
1181 2835 1248 2880 ma·

272 2924 320 3013 gis
344 2945 440 3020 quam
460 2919 671 3014 philosophus
695 2918 868 3024 confugere
891 2921 1022 3012 cogitur,
1046 2923 1176 2991 omuino
1196 2947 1247 2990 ex·

274 3032 429 3100 trinsecus
448 3047 484 3099 et
504 3055 524 3099 a
546 3057 581 3099 re
603 3031 778 3124 disjunctos
802 3046 835 3100 et
856 3032 896 3101 ab
918 3032 1005 3124 omui
1021 3033 1132 3104 virtute
1152 3033 1248 3102 desti·

274 3160 358 3212 tutus
386 3127 620 3234 judicaverunt,
650 3156 772 3236 utpote«
786 3141 820 3210 iu
850 3141 1001 3236 opinione
1023 3143 1129 3236 potius
1153 3167 1248 3238 quam

273 3253 306 3318 iu
328 3250 456 3320 veritate
480 3248 722 3334 consistentes,
738 3267 770 3321 et
797 3251 885 3321 nullo
913 3252 1032 3346 ingenii
1054 3252 1183 3322 artificio
1206 3253 1248 3320 ad

184 3391 189 3398 ·
251 3354 405 3430 'suorum
425 3360 641 3430 inventionem
661 3379 919 3454 argumentorum
941 3363 1088 3458 agentes,
1117 3346 1251 3448 cumis,
1294 3441 1296 3444 ,
1396 3431 1397 3440 ,

276 3470 330 3564 qui
358 3493 397 3538 ea
424 3468 559 3554 inducit,
587 3497 653 3540 non
682 3473 748 3544 suis
776 3473 836 3542 sed
864 3473 974 3542 alienis
1003 3488 1107 3542 utatur
1131 3475 1247 3544 uerbis.

275 3579 372 3649 Unde
406 3594 438 3649 et
465 3579 599 3649 Boetius
632 3598 736 3651 vester
768 3598 834 3652 tam
863 3575 1119 3653 Themistiauam
1152 3609 1248 3678 quam

264 3687 459 3785 “Tullianam
480 3689 624 3759 lucorum
647 3683 850 3785 di(c)tionem
870 3694 902 3763 in
919 3694 1051 3789 Topicis
1074 3694 1140 3764 suis
1161 3719 1247 3764 com·

275 3799 434 3892 plectens:
464 3824 484 3869 a
504 3798 552 3870 rei
572 3800 700 3893 judicio,
722 3803 832 3897 iuquit,
858 3831 940 3899 quae
963 3821 1038 3876 sunt
1059 3821 1248 3897 argumenta

277 3908 368 4004 quasi
388 3911 599 3982 testimonium
622 3912 784 4006 praebent,
808 3931 839 3983 et
859 3932 934 3984 suut
948 3915 1158 3985 inartificiales
1175 3913 1247 3997 luci,

276 4033 370 4114 atque
399 4020 529 4128 omuino
558 4022 714 4117 disiuncti,
740 4049 801 4095 nec
827 4050 896 4096 rem
920 4025 1028 4121 potius
1057 4049 1153 4120 quam
1178 4022 1246 4118 opi·
