2740 4486
248 297 285 384 ὦ

258 483 490 548 proponamus,
512 463 587 530 dein
609 465 821 548 propositam,
842 476 937 546 prout
955 465 1103 532 dominos
1120 468 1254 547 dederit,

253 577 471 660 disseremus.
894 595 897 604 ·
935 597 938 602 ·

665 753 860 881 CaputJIVr
931 823 936 832 '

275 983 278 990 1
345 910 428 992 Quasi
444 909 511 966 fidei
527 926 637 974 summa
651 913 691 969 sit
705 915 735 968 in
753 914 860 992 unitate
877 930 912 990 ae
929 915 1053 988 trinitatp
1071 873 1172 972 divina.

346 1029 555 1102 Christianae
578 1031 677 1116 igitur
697 1030 777 1096 fidei
798 1031 918 1118 religio
942 1055 1041 1100 unum
1054 1032 1256 1102 solummodo

260 1143 368 1212 Deum
401 1154 493 1210 tenet
534 1161 630 1225 esse,
676 1167 774 1212 unum
796 1149 960 1219 ,omnium
993 1145 1119 1226 Deum,
1161 1169 1257 1214 naum

260 1261 403 1326 omnium
427 1270 620 1338 creatorem,
642 1280 740 1324 unam
762 1259 979 1324 substantiam
992 1263 1063 1326 sive
1081 1262 1256 1328 essentiam

249 1371 559 1440 incommutabilem
580 1375 710 1454 penitus
734 1385 767 1436 et
789 1373 991 1455 simplicem,
1026 1375 1079 1439 cui
1100 1396 1162 1438 nee
1183 1395 1256 1456 pers

223 1491 224 1494 ’
249 1481 388 1569 aliqua,
418 1506 478 1549 neo
501 1483 643 1568 aliquid,
681 1487 767 1569 quod
789 1487 861 1568 ipsa
883 1507 948 1550 non
972 1488 1035 1564 sit,
1068 1486 1124 1551 vel
1146 1487 1256 1567 suerit,

249 1599 637 1682 ·posse=inesse,÷quam=
652 1620 710 1679 par
733 1599 842 1662 omnia
863 1597 937 1662 seia
959 1599 1129 1680 praedicat
1150 1611 1184 1662 et
1206 1613 1257 1666 s'e·

258 1712 398 1777 eandum
418 1713 589 1789 ueritatem,¹
609 1709 675 1775 hoo
698 1725 859 1793 exceptos
874 1711 958 1794 quod
978 1712 1024 1775 'ad
1047 1731 1257 1793 personarum

246 1811 673 1908 :pertinet'multitudinem⁸
709 1822 805 1887 Huic
835 1825 946 1907 itaque
978 1837 1043 1888 tam
1064 1824 1204 1906 simplici
1226 1836 1258 1888 et

250 1935 676 2016 individuaesubstentiee
697 1947 765 2002 tras
793 1957 953 2017 personas
981 1937 1047 2004 sibi
1068 1959 1127 2019 per
1149 1939 1257 2000 omnia

248 2061 454 2116 :oeaeternas
478 2059 512 2114 et
534 2047 753 2130 coaequales,
786 2069 853 2112 non
875 2069 1012 2114 nurnero
1033 2048 1092 2112 sed
1115 2051 1256 2131 proprie-

257 2161 379 2229 tatibus
400 2161 538 2239 divisas,
560 2163 722 2226 varaciter
744 2160 928 2231 confitetur.
961 2159 1068 2225 Deum
1083 2175 1207 2242 patrem
1223 2175 1258 2226 et

257 2273 361 2341 filium
383 2276 456 2360 ejus
475 2272 595 2353 Deum,
618 2277 767 2357 spiritum
788 2288 936 2340 sanetum
950 2273 991 2338 ab
1014 2277 1170 2368 utrisque
1184 2295 1258 2356 pro-

259 2389 440 2453 cedentem.
484 2385 560 2453 Non
583 2399 634 2450 est
656 2400 763 2451 autem
786 2408 853 2451 una
876 2409 1016 2469 persona
1038 2383 1156 2466 altera,
1180 2386 1259 2451 lieet

258 2500 386 2566 sithoc
407 2502 525 2583 ipsum,
548 2500 634 2584 quod
658 2499 775 2563 altera.
818 2497 935 2582 Neque
959 2503 1056 2579 enim,
1088 2504 1143 2584 qui
1166 2513 1260 2582 peter

259 2624 322 2686 est,
344 2611 433 2676 filius
455 2623 506 2705 est
527 2611 582 2698 yel
601 2599 733 2695 spiritus
747 2624 880 2675 sanctus
896 2624 958 2690 est,
982 2633 1086 2702 neque
1102 2615 1155 2697 qui
1170 2612 1259 2678 filius
1367 2651 1368 2666 ι

260 2738 323 2804 est,
345 2736 440 2807 pater
458 2723 515 2788 'est
536 2715 599 2790 'vel'
613 2704 934 2807 spiritrrs'san'etus.·’
956 2708 1035 2803 Sed}
1059 2727 1145 2809 quod
1167 2739 1262 2808 pater

259 2850 328 2917 est,
351 2837 440 2902 filins
463 2849 572 2901 estet
603 2837 738 2919 spiritus
762 2849 895 2900 sanetus
918 2850 1063 2900 estete
1086 2817 1266 2904 converso}
1366 2903 1368 2928 γ

257 2948 350 3015 Idem
371 2951 488 3033 quippe
500 2948 599 3014 'Deus
623 2961 690 3013 tam
712 2960 806 3030 pater
820 2962 873 3012 est
895 2971 989 3032 quam
1005 2948 1094 3013 filius
1116 2949 1170 3014 vel
1185 2955 1262 3034 :spi-
1367 2937 1368 2970 ³

257 3065 340 3129 ritas
362 3075 508 3129 sanetus.
552 3061 660 3128 Unum
682 3083 816 3144 prorsus
838 3063 871 3125 in
904 3075 1040 3138 natura,
1072 3087 1169 3129 arnum
1192 3048 1291 3130 tern'
1366 3147 1367 3152 ἵ

257 3179 294 3244 in
315 3197 449 3243 numero
478 3194 575 3260 qoam
605 3175 810 3254 substantia,
845 3178 904 3240 sed
934 3178 1027 3240 iuxta
1049 3198 1162 3242 eorum
1183 3201 1263 3260 pro.
1366 3153 1367 3198 3

245 3293 415 3376 'prietates
436 3291 484 3354 ita
505 3287 725 3371 personaliter
753 3288 1011 3374 distinguuntur,
1042 3302 1078 3352 ut
1107 3289 1191 3354 alius
1214 3294 1266 3356 sit
1365 3351 1366 3356 ,

258 3405 344 3484 iste,
378 3424 474 3488 quam
495 3401 576 3480 ille,
608 3423 673 3465 non
697 3400 799 3466 aliud.
841 3400 939 3467 Unde
973 3402 1146 3467 Sedulius:
1183 3401 1264 3470 Non

258 3517 336 3601 quie
357 3518 412 3598 qui
434 3535 578 3580 sommus
596 3489 694 3597 pater
715 3526 767 3578 est
789 3524 822 3578 et
844 3513 935 3578 filius
958 3514 1011 3580 hie
1027 3528 1089 3593 est,
1106 3515 1170 3590 sed
1183 3519 1267 3600 qaia

259 3627 346 3712 quod
366 3647 508 3692 summus
539 3637 634 3708 pater
655 3637 707 3689 est
725 3639 763 3712 ,et
783 3623 872 3689 filius
894 3625 958 3690 hoo
981 3639 1044 3691 est.
1087 3627 1268 3709 Proprium
1365 3679 1366 3702 1

258 3753 368 3807 eutem
400 3738 541 3805 est-Dei
571 3741 674 3823 patris
707 3739 888 3825 ingenitum
920 3760 1014 3818 esse,
1048 3739 1084 3803 id
1107 3752 1201 3833 eet‘a
1223 3762 1268 3804 se

256 3855 330 3937 ipso
353 3872 421 3938 non¹
447 3851 489 3918 ab
518 3851 587 3946 alio
621 3855 786 3932 existere,
815 3853 905 3917 siout
924 3851 988 3917 tilii
1008 3855 1172 3936 proprium
1194 3848 1269 3932 esf,

233 4033 237 4043 ,
258 3987 279 4032 a
299 3965 374 4032 solo
394 3977 488 4053 patro
503 3967 653 4054 -genitum
676 3985 764 4044 esso,
787 3985 855 4030 non
876 3965 1012 4045 iactum,
1033 3987 1101 4031 aon
1114 3977 1270 4034 ereetum
