2774 4486
1049 285 1130 361 ,109

127 451 185 535 ,qui
208 471 280 514 cum
301 447 422 515 habeat
442 451 644 514 medicamen
668 463 877 532 apparatum,
908 466 941 516 et
964 435 1050 518 dicat
1078 457 1128 520 in·

71 557 72 560 ¹
127 564 240 632 firmo:
290 564 385 644 vide,
419 563 481 626 hoe
510 565 781 634 medicamentum
811 566 960 630 consulet
993 570 1127 632 sanitati

128 687 221 755 tuae,
254 678 285 740 si
317 679 501 762 surrexeris
545 689 578 740 et
615 681 801 760 acceperis:
838 679 985 744 infirmus
1015 693 1127 746 antem
1223 669 1249 693 ⁹

130 809 201 850 cnm
223 810 358 875 surgere
382 811 446 854 nou
464 794 590 873 possit,
626 789 708 854 nilril
730 793 932 856 medicamen
964 794 1046 858 illud
1073 794 1126 860 illi

126 900 250 964 valebit
273 905 384 984 sicque
407 925 477 966 cum
500 925 557 984 per
579 926 615 967 se
636 926 770 989 surgere
793 925 858 968 non
882 908 1005 986 possit,
1031 907 1124 971 adiu·

29 1094 33 1100 ἱ
127 1025 235 1078 mento
257 1017 373 1079 medici
395 1017 437 1080 ad
459 1019 655 1103 surgendum
685 1018 829 1104 indiget,
859 1031 894 1080 ut
924 1019 1126 1084 medicamen

128 1127 267 1208 accipiat
288 1140 329 1190 et·
346 1142 512 1210 acceptum
536 1131 601 1192 sibi
622 1131 784 1212 proficiat.
831 1128 1036 1212 Quapropter
1059 1133 1125 1199 nisi
1221 1111 1227 1138 l

127 1238 288 1318 dicamus,
312 1242 397 1325 quod
421 1240 518 1305 homo
543 1264 586 1306 ex
608 1263 645 1306 se
667 1246 767 1316 etiam
794 1266 852 1326 per
875 1243 1013 1308 liberum
1037 1243 1124 1308 arbi·
1213 1221 1214 1225 Ἰ

126 1356 221 1434 trium
245 1379 287 1420 ex
309 1368 425 1421 natura
447 1378 507 1421 sua
529 1341 651 1422 habeat
674 1357 812 1444 diligere
831 1371 865 1422 et
888 1361 918 1422 ei
943 1358 1124 1424 adhaerere
1176 1335 1201 1404 s

126 1489 190 1534 non
219 1489 391 1550 pessumus
424 1471 550 1548 vitare,
586 1473 663 1553 quin
700 1473 809 1558 gratia
844 1473 969 1536 meritis
1002 1475 1124 1538 nostris

123 1581 544 1666 praejudicarejprobetur:
569 1584 805 1668 quodquidam
829 1587 903 1668 quia
926 1589 958 1662 in
984 1584 1124 1667 epistola

126 1703 167 1765 ad
190 1701 359 1765 Romanos
381 1720 479 1777 super
500 1722 573 1764 eum
594 1699 719 1784 locum:
742 1701 844 1766 Jacob
868 1702 971 1768 dilexi
993 1715 1056 1768 etc.
1074 1704 1123 1768 di·

2 1863 12 1872 ·
94 1901 95 1904 Ἴ
122 1814 457 1902 ligenterexpre'ssr,
491 1845 554 1886 noe
587 1823 679 1906 qnasi
712 1829 822 1880 notum
852 1817 1123 1900 praetereundum

61 1953 63 1958 ·
125 1931 290 1999 existimo·
335 1932 371 1996 Si
394 1947 501 2000 autem
524 1930 738 2004 oreature‘ad
760 1913 933 2014 imaginem
964 1942 997 1996 et
1031 1932 1121 1994 eimi-

123 2040 292 2108 litudinem
313 2044 380 2114 Dei
401 2047 489 2111 facta
512 2051 626 2112 exsui
651 2063 768 2112 natura
788 2046 893 2128 magis
925 2044 967 2106 ad
1000 2043 1122 2111 malum

125 2181 219 2242 quam
243 2158 362 2224 bonum
378 2182 480 2241 prona
498 2173 598 2240 esset,
621 2163 655 2224 in
670 2163 722 2226 sui
744 2161 873 2244 quidem
894 2171 1009 2222 natura
1032 2155 1120 2224 bona

93 2274 380 2370 lnon'exieteret.
424 2272 523 2338 Velle
553 2284 660 2338 aulem
685 2274 802 2337 bonum
823 2273 997 2354 unicnique
1027 2284 1121 2336 natu·

88 2371 94 2382 x
122 2384 192 2449 rale
222 2397 285 2451 est.
328 2384 425 2452 Unde
452 2400 486 2450 et
514 2385 711 2470 Apostolus:
751 2383 839 2450 velle
870 2385 1001 2468 adjacet
1027 2384 1120 2449 mihi.
1151 2398 1155 2402 ·

407 2642 423 2680 n
484 2571 590 2658 Caput
611 2571 758 2640 XXXV.

399 2681 444 2809 Ill?
462 2711 626 2772 remissione
649 2716 838 2780 peecatorum.

206 2837 300 2903 Nune
322 2839 362 2902 de
392 2814 587 2904 remissione
619 2854 824 2922 peccatorum
854 2836 1034 2902 rideamne.
1079 2835 1116 2899 ln

120 2953 391 3020 reconciliatione
421 2954 603 3033 peccatoris
634 2955 675 3016 ad
697 2953 806 3022 Deum
838 2956 901 3016 tria
930 2952 1119 3018 necessaria
1164 2964 1173 2980 '

120 3080 213 3144 aunt,
237 3067 352 3130 cordis'
368 3067 539 3142 contritio,
563 3065 628 3128 eris
651 3065 836 3142 seruientia,
866 3085 998 3144 operum
1021 3064 1121 3126 satis·

119 3182 252 3246 factio.¹
278 3179 395 3243 Gordia
418 3179 570 3240 contritio
593 3179 664 3240 sive
694 3178 833 3262 gemitus
863 3187 913 3240 est
943 3175 1018 3238 dum
1041 3195 1119 3255 pce·

119 3307 211 3358 cator
238 3294 279 3357 de
313 3291 458 3374 peccatis
488 3292 556 3354 suis
587 3288 679 3355 dolet
716 3265 915 3352 etinterius
953 3287 1118 3364 turbatur,

120 3407 206 3490 quod
228 3417 298 3484 est,
329 3405 404 3468 dum
425 3415 599 3486 peccatum¹
620 3415 654 3464 et
682 3404 835 3484 iniquitas
859 3399 1028 3483 displicet,
1053 3420 1119 3462 non

118 3523 235 3584 timore
264 3538 411 3600 poenae,
446 3515 506 3580 aed
538 3532 648 3582 amore
679 3517 842 3587 iustitiae3
873 3512 1018 3594 alioquin
1052 3532 1117 3574 nun
1195 3551 1199 3558 =

112 3635 171 3718 'eet
192 3630 473 3695 cardineontritio
498 3626 723 3705 adsalutem,
747 3628 807 3694 ced
828 3628 948 3691 mentis
971 3636 1118 3690 conster-

118 3746 212 3832 natio
232 3743 274 3807 ed
292 3743 550 3806 damnationem.
594 3740 758 3806 Sicenim
781 3753 814 3804 et
835 3740 914 3804 mali
942 3743 977 3810 in
1006 3739 1115 3802 futuro

120 3856 297 3934 dolebunt,
326 3855 464 3918 nonode
490 3864 625 3934 peceato
668 3874 732 3936 quo
753 3853 860 3918 Deum
892 3851 1117 3930 offenderunt,

118 3967 179 4033 ted
201 3966 361 4046 dedice,-
383 3965 469 4050 quod
491 3974 542 4030 eet
555 3977 752 4046 percnum,
782 3965 859 4051 quia
880 3944 957 4040 inde
977 3974 1115 4062 patrinos
