2798 4486
153 407 214 486 nec
235 414 290 486 illa
311 415 377 487 vita
399 413 440 485 sit
461 415 621 511 praesenti
642 412 756 520 melior
776 437 815 482 ac
843 413 990 489 beatior?
1034 416 1137 509 Quod

154 527 183 596 si
204 527 268 606 illa,
293 525 389 623 quam
411 526 491 596 baec
513 526 650 610 beatior,
672 523 819 619 profecto
843 540 874 594 et
897 526 950 622 qui
969 553 1008 598 ea
1025 528 1135 600 fruam-

153 640 205 708 'tur
225 638 395 722 beatiores,
418 663 514 734 quam
538 637 588 705 bic
610 661 681 704 esse
704 635 860 704 videntur.

157 839 160 848 Ι
239 747 393 821 Philus.
436 747 556 845 Utique
583 745 740 816 beatiores
761 761 798 815 ut
820 745 897 832 dixi,
926 749 955 817 εἰ
976 749 1135 822 meliores.

153 858 256 930 Aliter
273 883 477 956 nequaquam
498 857 678 952 recipimus.
715 854 784 928 Nec
801 857 886 927 enim
906 861 961 955 qui
980 886 1135 931 coronam

153 971 290 1066 adeptus
311 988 370 1056 est,
391 974 511 1064 majore
530 968 627 1062 igitur
642 969 804 1064 praeditus
825 985 874 1040 est
888 971 1135 1068 virtute,·quam

154 1095 249 1151 antea
276 1080 431 1152 fueritin
460 1080 647 1164 certamine,
675 1105 741 1149 nee
766 1083 834 1172 ejus
856 1079 1009 1152 fortitudo
1032 1085 1135 1176 major
1206 1139 1214 1152 ,

154 1208 204 1262 εει
225 1192 324 1278 sacta,
350 1193 424 1263 licet
444 1192 545 1286 magis
568 1215 732 1284 uunquam
754 1191 843 1285 prius
865 1191 906 1260 sit
926 1192 1062 1287 probata
1083 1193 1134 1262 vel

155 1303 292 1396 cognita,
316 1304 415 1373 immo
441 1330 478 1372 ex
498 1302 570 1397 ipso
593 1301 775 1396 gravamine
799 1301 965 1372 conllictus
986 1302 1134 1374 fortassis

154 1414 326 1506 diminuta3
353 1439 414 1484 nec
434 1411 657 1508 triumphantis
680 1437 777 1506 quam
798 1414 971 1509 pugnantis
999 1413 1135 1485 estvita

152 1526 281 1610 melior,
303 1546 496 1621 quamquam
517 1523 653 1593 suavior.

240 1635 461 1705 Christian.
509 1633 709 1728 Egestatcm,
740 1633 970 1719 infirmitatem,
996 1627 1133 1707 mortem

154 1761 187 1815 et
207 1747 331 1818 ceteras
353 1745 578 1815 adversitatum
598 1743 648 1815 vel
670 1745 858 1839 passionum
878 1745 1043 1834 molestias
1067 1762 1132 1816 tatu
1222 1769 1225 1778 “

70 1855 77 1865 '
153 1859 248 1926 vestri
264 1882 359 1952 quam
373 1855 473 1925 nostri
485 1855 633 1924 doctores
649 1855 680 1924 'et
692 1855 810 1949 pariter
822 1856 961 1926 universi
972 1856 1090 1926 malam
1102 1866 1133 1944 ¹)

154 1983 393 2050 connumerant,
416 1982 447 2036 et
467 1982 597 2061 propter
617 1964 687 2052 (tot.
702 1975 755 2040 tt.
769 1965 825 2056 R.)
847 1964 910 2044 illa,
934 1990 1016 2061 quae
1037 1967 1132 2035 virtu·

30 2154 33 2162 ,
153 2077 235 2146 tibus
252 2078 410 2148 contraria
425 2093 508 2160 sunt,
530 2093 594 2145 tam
610 2076 745 2160 animae,
763 2101 861 2170 quam
876 2077 1017 2171 corporis
1033 2074 1132 2144 multa

96 2231 99 2240 =
153 2204 228 2257 sunt
242 2189 324 2273 vitia,
343 2213 424 2282 quae
440 2183 647 2270 nibilominus
661 2187 744 2256 inter
757 2187 842 2255 mala
856 2203 937 2257 snut·
944 2187 1131 2281 reputanda,
1164 2239 1167 2251 .

152 2313 188 2364 ut
203 2289 391 2368 claudicatio
405 2298 545 2393 corporis
561 2300 626 2367 sive
640 2298 789 2382 coecitas,
804 2298 1003 2387 bebi(e)tudo
1016 2297 1129 2368 mentis

152 2407 202 2476 vel
225 2409 430 2479 obliviositas.
471 2407 523 2478 De
550 2407 714 2478 contrariis
738 2408 865 2504 quidem
885 2407 1074 2480 Aristoteles
1096 2409 1130 2477 iu

152 2519 320 2609 categoriis
343 2521 409 2592 suis
431 2519 607 2590 disserens:
652 2517 871 2601 Contrarium,
897 2509 1014 2614 inquit,
1041 2519 1129 2588 bono

153 2628 281 2723 quidem
310 2656 348 2699 er
375 2630 564 2700 necessitate
591 2645 642 2700 est
667 2628 806 2719 malum3
850 2629 913 2698 boc
939 2645 1046 2698 autem
1072 2653 1129 2722 pa·

151 2738 215 2808 lam
249 2757 298 2810 est
331 2767 390 2835 per
423 2727 621 2834 singulorum
656 2741 890 2835 objectionem3
934 2755 971 2811 ut
1003 2738 1131 2809 sanitati

150 2848 287 2944 languor
304 2867 335 2920 et
348 2850 485 2945 justitiae
499 2851 652 2946 injustitia
669 2868 700 2922 et
713 2849 910 2920 formitudini
926 2853 957 2944 ²)
975 2850 1129 2920 debilitas.

150 2959 302 3031 Similiter
328 2978 434 3031 autem
463 2978 495 3032 et
521 2963 555 3030 iu
583 2961 662 3032 aliis.
705 2961 797 3031 Malo
827 2978 932 3030 autem
955 2959 1127 3054 aliquando

151 3071 279 3164 quidem
295 3072 416 3141 bouum
431 3088 479 3143 est
494 3073 695 3157 contrarium,
710 3072 881 3168 aliquando
896 3069 1022 3142 malum.
1044 3065 1129 3161 Ege·

149 3181 223 3250 stati
246 3181 346 3267 enim,
368 3208 441 3252 cum
463 3183 505 3253 sit
524 3185 660 3268 malum,
683 3180 952 3277 sup‘erabuudatia
970 3179 1129 3250 conuaria

149 3307 213 3375 est,
242 3318 316 3362 cnm
342 3295 385 3384 sit
410 3293 482 3388 ipsa
508 3294 637 3364 malum.
681 3292 749 3380 Sed
776 3294 810 3362 in
837 3291 949 3388 paucis
976 3290 1038 3359 boc
1063 3288 1128 3360 tale
1235 3295 1241 3307 '

148 3401 295 3495 quislibet
321 3405 477 3499 inspiciet.
519 3405 558 3473 In
585 3403 728 3499 pluribus
756 3398 831 3473 vero
860 3427 986 3496 semper
1009 3399 1128 3470 malum

30 3529 35 3536 '
146 3511 234 3584 bono
266 3516 457 3587 contrarium
490 3531 549 3585 est.
614 3515 657 3584 Et
690 3515 724 3584 iu
753 3513 865 3609 topicis
895 3511 962 3580 suis
991 3510 1128 3595 Tullius,

81 3670 85 3675 -
145 3645 217 3688 cum
240 3645 259 3690 a
281 3626 445 3697 contrariis
467 3625 572 3696 locum
594 3626 791 3718 assignarem
835 3623 870 3693 Si
892 3623 979 3694 bona
1001 3637 1058 3705 est,
1078 3621 1151 3690 iu·'

145 3733 230 3825 quit,
258 3735 391 3821 sanitas,
418 3734 502 3806 mala
525 3735 583 3806 εει
596 3736 772 3829 aegritudo.
814 3735 888 3828 lpse
911 3732 1005 3802 etiam
1027 3731 1128 3802 domi·

143 3867 206 3911 uus
230 3843 270 3914 dc
291 3870 388 3939 pace,
411 3873 506 3944 quam
529 3848 754 3920 obedientibus
777 3843 883 3915 tribuit
905 3857 937 3913 et
958 3841 999 3913 de
1019 3867 1127 3938 perse·

139 3971 339 3990 *tt—n..-

159 4021 300 4092 llmaliel
335 4051 369 4066 ·-
402 4025 615 4098 allectitudinlt
718 4091 721 4094 ,
