2740 4486
900 371 902 379 Α
1000 256 1113 373 ἰιι

108 465 201 531 ritum
221 464 256 530 in
279 458 355 530 sola
372 459 543 528 voluntate
566 461 742 542 consistat,
763 458 968 548 Augustinus
991 463 1103 530 multis

111 581 213 646 modis
241 585 274 642 et
301 577 463 659 exemplis
486 576 626 640 inductis
647 575 785 659 probat,
814 589 849 640 ut
872 577 912 642 de
935 578 1104 664 discipulis

109 692 243 758 Joannis
282 694 336 776 qui
365 691 565 775 jejunabant
600 702 634 754 et
676 688 845 771 discipulis
881 689 1017 757 Domini
1051 698 1105 779 qui

111 804 341 886 comedebant,
369 804 527 890 aquibus
550 818 658 870 temen
683 805 867 890 justificata
896 820 947 870 est
975 809 1106 892 sapien-

110 921 166 983 tia.
210 917 306 986 Unde
334 920 513 985 Dominus:
550 921 659 998 venit,
687 922 813 1003 inquit,
840 919 996 986 Joannes'
1015 926 1108 1007 jejo-

110 1053 210 1112 uans,
234 1044 267 1098 et
289 1032 439 1112 dixistis,
473 1031 679 1096 daemonium
707 1030 819 1097 habet.
863 1033 966 1099 Venit
997 1052 1107 1104 autem

109 1145 198 1211 filius
221 1123 581 1210 hominismanducaus
605 1157 638 1208 et
661 1139 776 1210 bibens
805 1157 837 1210 et
860 1147 986 1228 dicitis,
1022 1152 1108 1234 quod

111 1281 215 1324 vorax
243 1269 294 1322 est
323 1271 356 1323 et
382 1269 514 1341 potator
534 1235 603 1322 ¹vini
635 1271 669 1322 et
697 1263 818 1324 anricus
844 1259 1107 1342 publicanorum.
1149 1317 1151 1328 ,

108 1373 295 1440 iustificata
317 1387 368 1437 est
391 1385 499 1438 autem
520 1374 685 1455 sapientia
716 1372 837 1439 sfiliis
861 1377 942 1439 suis.
985 1374 1038 1441 De
1060 1379 1110 1442 vi·
1148 1440 1151 1452 ,

110 1487 176 1552 dua
198 1509 345 1571 quoque,
377 1507 462 1569 quae
484 1486 547 1550 duo
570 1488 693 1550 minuta
716 1489 750 1551 in
782 1485 1026 1573 gazophylacio,
1051 1513 1110 1572 po·

62 1663 65 1669 .
110 1604 196 1681 suit,
225 1600 271 1664 ait
300 1598 481 1679 Dominus,
515 1599 601 1685 quod
629 1600 702 1683 plus
740 1623 837 1685 quam
867 1602 986 1665 divites
1017 1601 1111 1666 obtu-
1191 1599 1193 1609 '

107 1714 200 1780 lerit.
243 1711 340 1778 Unde
363 1701 603 1794 Hieronymus?
632 1735 697 1778 oon
719 1726 836 1796 pensat
863 1714 955 1779 Deus
979 1736 1112 1782 censum
1173 1781 1175 1790 .
1290 1787 1292 1794 ,

109 1827 171 1893 sed
200 1825 365 1890 allectum.
416 1824 509 1889 ldem
539 1846 667 1910 quoque
698 1825 739 1888 de
766 1825 861 1890 Josia
898 1848 978 1912 rege
1015 1829 1112 1908 dicit,

111 1939 201 2024 quod
239 1960 311 2003 oum
348 1939 456 2004 exiret
489 1937 531 2002 ad
564 1939 773 2024 pugnandum
808 1960 865 2020 pro
894 1939 1014 2020 populo
1047 1941 1128 2006 Dei,

111 2075 189 2119 cum
216 2053 359 2116 inimicis
398 2072 463 2115 uon
491 2063 623 2133 propter
650 2049 713 2114 boc
741 2049 814 2132 plus
846 2054 982 2130 meruit,
1018 2075 1113 2135 quam
1229 2081 1232 2088 ·

110 2170 271 2252 primum,
302 2185 374 2228 cum
403 2165 438 2227 in
467 2161 636 2228 voluntate
670 2161 734 2226 hoc
764 2161 918 2246 haberet,
946 2164 1006 2228 sed
1038 2167 1115 2230 ideo

110 2256 178 2346 hbe
214 2277 314 2356 fecit,
357 2289 394 2340 ut
430 2275 506 2342 aliis
542 2277 643 2340 etiam
677 2274 813 2360 regibus
848 2289 882 2339 et
915 2279 1117 2361 principibus

112 2390 302 2473 exemplum
335 2391 438 2455 daret
459 2388 668 2474 propopulo
701 2389 770 2455 Dei
802 2392 969 2475 pugnandi
1003 2407 1117 2460 contra

111 2508 280 2570 inimicos.
332 2503 493 2568 Similiter
529 2503 570 2568 de
604 2503 802 2586 martyribus
836 2504 994 2582 dicimus,
1030 2507 1142 2588 qnod

112 2637 176 2680 eos
199 2618 364 2682 exteriora
391 2599 539 2700 patibula
568 2617 724 2686 meliores
746 2638 811 2680 non
841 2617 1027 2696 faciebant,
1058 2618 1119 2684 sed

113 2735 204 2800 tales
237 2755 333 2813 esse,
369 2737 422 2815 qui
450 2733 620 2800 'Christum
653 2734 850 2820 diligerent,
888 2731 1119 2800 ostendebant.

113 2847 174 2912 Sic
195 2866 324 2929 quoque
339 2843 526 2910 de‘Cbristo
549 2867 629 2909 sane
652 2847 843 2924 asserimus,
867 2846 964 2931 quod,
988 2847 1117 2929 quando

113 2957 161 3024 ad
193 2959 381 3041 passionem
410 2957 525 3020 ductus
556 2969 607 3021 est
645 2968 679 3020 et
708 2959 743 3020 in
772 2956 863 3042 ligno
893 2957 1016 3022 affixus
1048 2971 1119 3036 est,

112 3093 186 3138 non
208 3070 281 3154 plus
304 3072 433 3149 meruit,
457 3091 552 3154 quam
574 3068 615 3133 ab
638 3072 710 3152 ipsa
734 3073 957 3151 conceptione.
1002 3067 1137 3154 Neque
1211 3089 1214 3097 ·

112 3187 205 3250 enim
234 3196 312 3248 tunc
343 3183 461 3250 melior
492 3184 648 3262 effectus,
680 3204 776 3268 qoam
807 3182 848 3245 ab
878 3184 949 3265 ipsa
980 3187 1120 3266 pueritia

95 3299 304 3376 extitisset,
327 3319 399 3364 cum
413 3319 465 3363 *ex
486 3310 563 3374 tuns
582 3297 691 3362 Deum
713 3317 758 3360 ex
778 3307 849 3360 toto
879 3296 978 3361 corde
1000 3297 1119 3384 dilige-

111 3421 182 3475 τοι.
226 3407 283 3472 Sic
303 3410 402 3495 igitur
423 3409 458 3473 in
480 3408 650 3473 voluntate
678 3411 801 3474 uon-in
829 3407 1003 3491 operibus,
1034 3433 1119 3496 quae

113 3522 216 3588 bonis
238 3533 272 3584 et
292 3523 390 3588 malis
411 3525 596 3589 communia
618 3539 714 3605 sunt,
744 3525 894 3589 meritum
916 3545 1011 3589 omne
1042 3517 1120 3590 ebn-

92 3642 218 3706 'sistia
271 3638 379 3724 Saepe
407 3643 493 3718 enim
526 3643 601 3724 plus
631 3647 765 3730 jejunat
811 3627 922 3727 magis‘
954 3642 1054 3704 etiam
1082 3661 1121 3708 se

113 3753 241 3840 affligit
277 3752 414 3837 quilibet
449 3754 639 3838 hypocrita,
680 3775 776 3839 quam
812 3754 934 3838 aliquis
971 3767 1120 3824 sanctus.
1155 3801 1161 3810 .

115 3865 219 3948 Quod
246 3865 281 3932 in
310 3864 385 3932 sola
414 3865 584 3933 voluntate
616 3870 765 3933 meritum
793 3866 856 3948 sit,
885 3866 963 3931 inde
992 3887 1121 3950 quoque

112 3979 309 4066 conjectare
330 3977 429 4062 licet,
459 3980 545 4068 quod
566 3979 660 4050 Deru
682 3979 799 4047 dicitur
819 3989 984 4047 scrutator
1006 3979 1123 4050 renum
