2740 4486
1055 286 1186 364 19,

105 455 256 528 bonitate
277 457 346 526 Dei
373 459 502 543 spiritui
532 471 609 525 suut
638 421 859 526 attribuendo.
900 451 949 522 Ut
977 477 1022 526 ex
1042 455 1108 524 lroo

103 583 258 655 potenter
274 571 413 657 liquent,
435 573 589 638 offertum
611 583 646 636 et
665 569 873 638 dulcedinem
894 568 1026 636 divinae
1047 589 1108 655 po-

104 685 236 750 testatis
258 683 315 748 vel
335 684 494 750 bonitatis
510 686 646 768 spiritur
661 679 945 771 sonotivoeabulo
957 685 1108 768 exprimi.

2 862 4 867 ,
103 798 228 882 Spiritu
249 821 390 885 numque
413 803 480 866 oris
503 802 633 880 nostri,
656 801 689 864 id
711 811 764 865 est
786 798 947 879 anhelitu,
968 798 1109 866 effeetus

105 915 206 978 enimi
227 917 371 980 maxime
392 913 564 997 patefiunt,
590 935 662 980 eum
683 913 812 980 scilieet
833 924 891 978 eut
904 930 1108 997 pruenmore
1203 945 1205 956 ·

104 1025 306 1106 suspiramus
341 1035 397 1088 eut
429 1046 510 1108 prae
543 1022 668 1089 doloris
702 1021 759 1088 vel
796 1022 921 1090 loboris
955 1025 1110 1110 augustie

106 1139 278 1224 gemimus.
324 1136 420 1203 Unde
441 1137 506 1203 hoe
526 1138 602 1205 looo
625 1140 758 1222 spiritus
780 1151 927 1219 sanetus,
948 1159 1007 1222 pro
1020 1138 1109 1216 bono
1203 1156 1207 1162 ’

107 1251 229 1315 affeetu
248 1253 392 1334 ponitur,
410 1254 510 1336 juxte
531 1249 615 1317 illud
636 1250 841 1335 Sapientiae:
873 1250 1035 1340 benignus
1057 1261 1111 1316 ost

107 1365 241 1445 spiritus
263 1366 447 1446 supientiae
469 1376 503 1428 ot
520 1375 676 1440 nnetern3
701 1376 735 1428 et
754 1362 838 1430 illud
851 1363 991 1447 psnlrnit
1013 1363 1110 1446 spiri·

106 1487 160 1540 tus
181 1487 256 1542 tuus
278 1475 383 1544 bonus
406 1478 546 1543 deducet
566 1499 619 1542 me
643 1489 677 1542 et
691 1476 890 1560 Apostolus:
911 1474 1006 1542 Deus
1026 1477 1111 1541 ouri-

88 1592 159 1656 'tes
181 1603 251 1671 est,
286 1596 363 1677 qnia
390 1605 475 1658 teste
500 1592 661 1679 Gregorio
684 1596 816 1677 spiritns
839 1594 911 1676 ipse
933 1611 1027 1658 emor·
1045 1603 1110 1672 est,

107 1725 171 1788 quo
200 1727 314 1770 aurore
342 1708 520 1776 seeundum
541 1706 703 1774 Jounnem
734 1719 830 1792 puter
860 1705 970 1793 diligit
989 1705 1109 1772 fllium.

106 1815 189 1886 lude
210 1818 413 1905 Augustinus
435 1822 469 1884 iu
491 1818 577 1885 libro
592 1819 797 1887 decivitate:
820 1817 962 1903 Spiritus
978 1831 1112 1886 sanetus

109 1931 269 2014 quaedum
297 1933 401 2014 petris
431 1932 559 2017 filiique
588 1934 773 1999 communio
808 1945 860 1996 est
887 1908 923 1997 et
943 1932 1020 1996 ideo
1043 1931 1112 1995 for-

109 2055 200 2109 tusse
223 2046 272 2109 sie
294 2044 490 2128 appellatur,
514 2047 592 2130 quie
611 2048 699 2130 putri
721 2057 754 2109 et
775 2044 847 2110 filio
868 2055 979 2128 potest
994 2043 1112 2110 eodem

109 2157 287 2242 appellatio
310 2162 499 2225 eonvenite.
530 2157 576 2225 Ut
598 2181 678 2246 ergo
697 2181 741 2226 ex
756 2161 900 2239 nomine,
915 2157 1111 2243 quodutris-

107 2271 354 2356 quaesiverit,
375 2276 546 2358 utriusque
562 2274 747 2340 communio
760 2271 975 2361 significetur,
990 2271 1113 2338 donum

111 2386 277 2454 amborum
298 2389 432 2472 spiritus
454 2401 586 2454 sonetur
608 2397 757 2456 vocetur.

516 2588 622 2673 Caput
641 2587 705 2656 IX.

473 2703 608 2762 Probotio
625 2719 662 2762 ex
678 2702 753 2780 lego.

199 2839 335 2908 Clarum
355 2843 456 2929 igitur
477 2841 620 2908 arbitror
649 2865 692 2909 ex
713 2841 891 2926 praedietis
913 2843 1114 2911 testimoniis

110 2979 200 3039 erse,
221 2959 381 3040 divinam,
403 2956 610 3039 nt'diximos‚
630 2961 814 3042 potentiam
831 2957 994 3024 vocabulo
1010 2959 1114 3042 putris

109 3073 261 3155 exprimi,
284 3072 430 3137 divinem
451 3074 648 3156 sapientium
674 3071 779 3136 filium
800 3069 946 3158 intelligi
968 3091 1008 3138 no
1031 3071 1114 3138 divi·

109 3205 175 3248 nne
207 3187 335 3270 gratioe
367 3185 549 3251 bonitatem
578 3187 727 3268 spiritum
759 3197 910 3250 sonetum
939 3183 1113 3267 appellari.

73 3334 76 3342 ·
111 3297 234 3366 Modus
251 3321 343 3380 vero,
364 3311 401 3364 ut
416 3301 570 3381 diximus,
594 3299 692 3384 hujus
711 3299 936 3388 generationis
946 3321 1018 3386 ‘ren
1037 3319 1114 3386 pro·

109 3414 270 3478 sessionis
292 3423 389 3495 prout
410 3414 559 3478 dominus
583 3413 727 3493 dederit,
763 3413 1033 3497 insequentibus
1055 3431 1115 3479 ex·

109 3545 281 3607 ponemus.
324 3521 419 3592 Nune
442 3513 552 3591 nutem
574 3525 617 3593 ad
639 3537 774 3591 nostroe
794 3525 877 3590 fidei
896 3527 1114 3592 assertionem

110 3635 268 3704 adversus
279 3650 346 3704 torn
356 3639 502 3704 Judneos
516 3637 749 3705 tum-Gentiles
762 3661 807 3705 ex
822 3639 990 3724 seripturis
1002 3657 1116 3703 eorum

109 3753 301 3818 testimonie
320 3749 525 3834 inducamus,
549 3751 666 3836 quibus
681 3751 766 3820 hene
788 3752 1037 3818 distinctionem
1056 3750 1115 3815 tri-

109 3865 225 3930 uitetis
248 3863 399 3932 omnibus
422 3865 651 3932 annuntiatam
672 3887 749 3932 esse
777 3863 989 3952 intelligunt,
1017 3879 1117 3950 quem

107 3978 240 4062 quidem
261 3977 376 4045 dirius
394 3981 567 4066 inspiratio
593 3992 645 4065 etp
668 3999 706 4045 er-
725 3977 904 4064 prophetes
923 3977 1059 4046 iudaeis
1082 3987 1117 4042 et

854 4089 903 4154 2·
