2798 4486
1078 339 1080 344 Ι
1164 239 1190 312 3

181 419 310 474 tuarum
323 401 448 488 studia,
471 402 587 498 quibus
605 383 797 497 inutraque
819 399 965 472 doctrina
984 425 1064 498 prae
1081 403 1185 478 oiuni.

181 515 449 608 husmagistris,
479 515 578 586 etiam
600 514 664 583 tuis
694 514 761 583 sive
784 513 862 608 ipsis
886 540 1016 609 qnoque
1044 535 1185 614 reperta.

181 655 255 698 rum
274 628 482 697 scientiarum
503 627 714 722 scriptoribus
735 641 863 696 constat
884 641 916 696 te
935 625 1094 714 floruisse,
1118 656 1185 704 cer·
1239 695 1242 704 r

181 758 251 810 tum
281 765 317 808 se
341 740 436 809 nobis
461 740 609 835 praebuit
638 738 891 832 experimentum
920 736 1104 833 opus‘illud
1128 745 1186 814 mi-

131 910 137 921 .
181 852 283 922 rabile
306 850 509 944 theologiae,
533 852 623 946 quod
645 876 706 919 nec
728 849 848 918 invidia
870 849 953 920 ler're
974 854 1096 946 potnit,
1122 860 1184 926 ne'c

125 965 129 970 ’
181 964 310 1035 auferre
327 963 516 1059 praevaluit,
532 965 591 1034 sed
609 963 782 1056 gloriosius
799 957 1029 1059 persequendo
1046 965 1185 1038 effecit.“

272 1076 361 1145 Tum
386 1103 469 1169 eget
508 1103 576 1146 non
600 1075 724 1153 ambio,
754 1075 902 1170 inquam,
921 1073 1027 1169 ¹hujus
1049 1078 1185 1151 honoris

104 1213 112 1222 ‘
137 1259 145 1272 ,
180 1188 334 1282 gratiam,
362 1213 460 1283 quarn
482 1188 561 1256 mihi
582 1187 803 1270 reservastis,
817 1203 852 1255 ut
874 1187 1074 1282 sapientibus
1097 1193 1184 1262 scili·

181 1302 234 1371 cet
257 1300 401 1385 omissis,
432 1287 564 1370 ttbltum
592 1325 652 1395 pro
675 1298 784 1392 judice
813 1299 1006 1389 statueritis,
1041 1299 1127 1374 Nam
1151 1321 1183 1377 et

179 1439 244 1507 ego
268 1411 380 1482 similis
404 1412 517 1497 vestri,
546 1412 638 1482 vanis
665 1412 760 1505 hujus
777 1411 895 1480 mundi
918 1413 1181 1486 contentionibus

179 1541 342 1609 assuetus,
359 1550 426 1626 non
450 1550 546 1619 grave
565 1523 726 1620 perferam
745 1524 867 1607 audire,
890 1523 1009 1620 quihus
1028 1526 1183 1599 oblectari

5 1724 10 1733 Ι
68 1697 71 1703 .
179 1638 348 1707 consuevi.
394 1636 450 1704 Tu
473 1653 582 1705 tamen
601 1635 807 1731 philosophe,
830 1637 894 1732 qui,
917 1636 1037 1728 nullam
1055 1640 1181 1734 proles.

69 1782 71 1786 ·
178 1775 236 1819 sus
266 1749 389 1843 legem,
419 1748 500 1818 solis
530 1747 710 1818 rationibus
740 1748 845 1832 cedis,
874 1774 942 1820 non
970 1777 1031 1845 pro
1060 1777 1181 1846 magno
1269 1796 1274 1806 ·

180 1861 352 1946 aestimes,
388 1861 417 1930 si
451 1861 485 1930 in
515 1861 578 1931 hoc
605 1884 785 1952 congressu
812 1862 999 1956 praevalere
1030 1864 1182 1936 videaris.

180 1973 261 2044 Tihi
287 1973 408 2069 quippe
438 1973 481 2042 ael
507 1995 650 2069 pugnam
680 1971 747 2041 dno
774 1951 992 2064 sunt'gladii,
1022 1974 1077 2042 alii
1101 2001 1180 2046 voro

178 2111 248 2155 nno
271 2103 394 2155 tantum
418 2086 452 2154 in
475 2099 512 2155 te·
530 2083 705 2154 armantur.
745 2083 802 2152 Tu
824 2084 859 2154 in
876 2083 949 2153 illos
973 2102 1040 2154 tam
1061 2086 1181 2180 scripto

179 2223 277 2294 quam
300 2199 424 2268 ratione
449 2223 544 2292 agere
568 2212 662 2290 potes
692 2193 768 2289 (sol.
784 2205 814 2266 9.
830 2195 911 2286 R.);
946 2195 991 2265 illi
1014 2225 1090 2269 vero
1114 2199 1182 2286 tihi,

178 2310 256 2407 qnia
278 2310 384 2403 legem
408 2335 475 2379 non
499 2307 661 2404 sequeris,
691 2307 732 2392 cle
755 2306 826 2401 lege
849 2306 929 2376 nihil
954 2310 1082 2381 obicere
1104 2337 1182 2406 pos-

178 2439 272 2501 sunt,
302 2438 333 2491 et
355 2439 446 2492 tanto
470 2421 566 2492 etiam
589 2422 696 2490 minus
719 2419 751 2487 in
775 2435 807 2488 te
828 2418 1009 2490 rationibus
1030 2441 1180 2517 possunt,
1206 2455 1209 2464 ¹

178 2550 302 2629 quanto
326 2549 360 2602 tu
381 2531 520 2628 amplius
539 2551 700 2615 assuetus,
716 2531 977 2626 philosophicam
996 2534 1181 2606 uberiorem

177 2645 280 2716 hahes
302 2645 507 2715 armaturam.
553 2644 642 2735 Quia
665 2661 774 2714 tamen
798 2642 862 2712 hoc
889 2671 928 2714 ex
951 2645 1119 2729 condicto,
1149 2663 1182 2718 et

176 2758 249 2854 pari
273 2757 429 2828 statuistis
450 2783 624 2841 consensu,
645 2773 676 2826 et
698 2755 737 2854 de
759 2754 878 2824 viribus
899 2757 1012 2826 vestris
1033 2757 1180 2853 singulos

178 2887 322 2939 vestrum
352 2869 514 2940 confidere
538 2869 647 2954 video,
675 2893 880 2964 nequaquam
909 2869 1042 2938 ansibus
1065 2872 1179 2940 vestris

176 2999 290 3054 nostra
314 2982 606 3072 erubescentiam]
628 2980 776 3068 reser(e)t
798 2979 1009 3075 repulsa(m),
1031 3007 1181 3076 praeser-
1237 2973 1241 2978 ⁸

176 3094 235 3164 tim
259 3119 332 3163 curn
355 3120 393 3163 ex
414 3093 465 3163 his
483 3094 625 3190 aliquam
648 3093 814 3186 percipere
836 3119 888 3162 me
910 3093 1041 3172 caedam
1063 3094 1180 3163 doctri·

177 3229 277 3275 narn..
302 3203 408 3278 ¹Nulla
432 3205 569 3301 quippe,
599 3205 789 3301 etquidem
811 3221 997 3273 nostrorum
1026 3205 1181 3292 meminit,
1275 3200 1276 3208 ἵ

176 3318 262 3388 adeo
290 3317 373 3388 salsa
398 3333 447 3388 est
476 3319 651 3408 doctrina,
672 3335 707 3387 nt
736 3341 804 3387 uon
828 3315 936 3410 aliqua
962 3317 1182 3388 intermisceat

59 3427 60 3430 ¹
176 3455 262 3513 vera,
287 3446 320 3500 et
339 3429 461 3499 nullam
485 3431 568 3501 adeo
590 3430 739 3502 frivolam
761 3429 1011 3524 disputationem
1034 3431 1181 3514 arbitror,

177 3557 211 3610 ut
240 3568 308 3611 non
338 3543 472 3636 aliquod
502 3542 621 3614 haheat
650 3545 892 3613 documentum.
938 3540 1036 3610 Unde
1066 3557 1098 3610 et
1126 3540 1180 3610 ille

71 3701 75 3707 -
176 3653 333 3722 maximus
355 3656 550 3751 sapientum,
573 3655 694 3750 inipso
714 3655 823 3724 statim
843 3653 1088 3749 proverbiorum
1104 3667 1180 3721 suo·

176 3789 246 3834 rum
259 3766 405 3846 exordio,
422 3767 576 3839 lectorem
591 3768 653 3838 sihi
672 3783 830 3840 attentum
849 3767 1058 3861 praeparans,
1074 3765 1120 3834 ait
1135 3772 1181 3850 1)ε

180 3909 377 3926 Μ

197 4005 229 4076 1)
246 4004 371 4066 Provcrh.
389 4008 416 4080 l,
437 4013 461 4067 5.
570 3999 577 4004 ’
659 4007 662 4018 ¹

925 4099 982 4170 1*
