2798 4486
250 277 315 353 34·

253 447 331 519 dum
354 445 443 544 quod
466 445 592 542 objicis.
631 441 716 515 Cum
739 443 826 515 euim
848 445 1071 542 praemisisset
1093 445 1256 536 domiuus,

254 557 500 634 circumcidetur
527 586 565 629 ex
587 557 680 628 vobis
704 583 801 628 omne
824 556 1039 628 masculinum
1061 559 1095 628 in
1119 586 1255 653 genera-

193 735 198 746 ,
252 673 395 743 tionibus
423 671 554 756 vestris,
582 686 648 741 tam
677 668 868 739 vernaculus
898 695 996 765 quarn
1024 673 1193 768 empticius
1223 689 1256 744 et

254 787 438 881 quicunque
461 809 529 853 non
553 780 648 853 fuerit
670 781 711 851 de
734 782 832 877 stirpe
855 798 978 866 restra3
1008 784 1156 878 profecto
1180 792 1256 881 [per

253 898 317 969 boc
333 905 380 988 ¹)]
404 895 493 994 quod
509 893 553 964 ait
575 921 612 963 ex
626 894 719 964 vobis
735 921 804 964 non
822 909 946 963 tantum
961 894 1127 965 Abrabam
1147 913 1179 966 et
1194 923 1253 992 po·-
1308 963 1320 974 ,

253 1027 360 1080 steros
380 1011 449 1101 ejus
473 1007 719 1102 comprehendit
741 1005 800 1076 sed
822 1005 957 1101 iusuper
979 1033 1048 1091 eos,
1070 1009 1254 1105 quicunque
1290 1014 1293 1021 '

254 1121 295 1191 ad
325 1119 481 1189 familiam
508 1134 540 1189 et
561 1116 805 1213 possessionem
829 1133 941 1188 eor'um
964 1118 1127 1219 pertinent
1148 1137 1185 1190 ut
1207 1121 1254 1190 eis

253 1231 403 1303 videlicet
429 1229 588 1325 imperare
615 1246 753 1326 possent
771 1245 808 1299 et
830 1228 873 1298 ad
896 1229 1177 1301 circumcisionem
1200 1257 1254 1302 co·

253 1371 340 1438 gere.
385 1341 483 1412 Unde
507 1341 603 1411 etiam
626 1359 802 1436 postquam
825 1340 918 1411 dixit:
949 1357 982 1411 et
1004 1343 1113 1427 vobis,
1143 1360 1175 1412 et
1194 1369 1255 1437 po-

253 1473 322 1526 stea
346 1454 504 1526 subdidit:
527 1455 560 1526 in
585 1453 848 1546 generationibus
872 1454 986 1524 vestris
1009 1469 1076 1523 tam
1099 1479 1255 1524 vernacu-

252 1568 303 1638 lus
326 1592 425 1664 quam
448 1564 630 1661 empticius,
653 1581 686 1635 et
707 1565 827 1635 deiude
850 1565 998 1659 adjecit:¹
1017 1581 1050 1634 et
1071 1567 1255 1662 quicunque

253 1702 321 1751 nou
350 1677 447 1749 luerit
475 1679 515 1749 de
544 1677 642 1771 stirpe
671 1693 795 1758 vestra,
825 1683 902 1771 [per
924 1677 986 1746 boc
1009 1669 1097 1773 quod
1121 1677 1198 1747 dixit
1219 1679 1253 1746 iu

254 1791 518 1886 generationibus
541 1788 656 1860 vestris
680 1804 713 1858 et
734 1789 917 1884 quicunque
933 1815 1000 1858 non
1017 1789 1075 1858 erit
1094 1790 1134 1860 de
1154 1790 1253 1885 stirpe

172 1959 174 1980 .
253 1912 387 1994 vestra]
401 1911 449 1992 2)ι
466 1901 649 1995 Diligenter
662 1901 830 1993 expressit,
844 1900 932 1997 quod
947 1901 1092 1996 superius
1108 1928 1254 1997 compre·

254 2016 413 2087 benderat
448 2042 521 2112 curu
550 2011 628 2083 dixit
664 2039 700 2085 cx
731 2012 840 2096 vobis,
875 2009 942 2083 nori
971 2012 1078 2082 solum
1107 2013 1256 2102 videlieet

253 2153 388 2198 suorum
408 2125 634 2220 generationes
659 2125 876 2218 posteriorum
901 2124 1076 2194 sedetiam
1100 2125 1254 2194 familiam

190 2259 193 2266 ’
254 2241 300 2335 (l.'
336 2247 385 2314 15.
420 2237 484 2329 V.)
522 2263 620 2334 quam
655 2237 827 2331 possident
861 2236 1126 2331 alienigenarum.
1186 2234 1255 2325 Qui

253 2354 351 2422 etiam
375 2347 569 2419 sententiam
594 2343 759 2432 dicendo‚'
782 2348 903 2444 eritque
930 2367 1061 2444 pactum
1084 2376 1192 2419 meum
1219 2348 1254 2416 iu

254 2489 353 2534 earne
372 2477 489 2544 vestra,
506 2461 553 2530 sic
573 2460 650 2529 dixit
667 2459 861 2552 generaliter
877 2459 910 2530 in
927 2487 1023 2532 carne
1039 2478 1157 2546 vestra,
1173 2440 1257 2529 sicut
1301 2469 1305 2474 '

254 2553 330 2646 ante
362 2573 483 2643 dixerat
511 2574 545 2641 in
573 2572 677 2642 vobis.
727 2569 882 2666 Alioquin
912 2573 1047 2644 multum
1075 2575 1256 2666 incongrue

255 2704 342 2758 esset
374 2685 586 2781 promissum,
622 2683 714 2779 quasi
750 2708 818 2751 nou
853 2702 983 2779 pactum
1012 2685 1063 2756 dei
1093 2686 1126 2754 in
1156 2693 1294 2754 carue]

253 2800 400 2896 ipsorum
428 2821 584 2891 apparere
608 2795 725 2864 nisiet
746 2795 893 2867 advenae
916 2797 999 2867 sicut
1022 2815 1053 2867 et
1076 2798 1173 2868 ceteri
1195 2796 1254 2866 cir·

256 2905 521 2980 eumciderentur.
560 2907 671 2976 Unde
706 2924 738 2976 et
765 2933 824 3002 per
850 2909 914 2978 boc
944 2908 1033 3005 qnod
1060 2909 1192 2992 dicitur,
1220 2908 1255 2976 in

256 3050 353 3094 carne
375 3019 492 3105 vestra,
511 3021 601 3115 ipsos
622 3045 753 3116 quoque
772 3019 914 3090 advenas
931 3017 1162 3116 comprehendi
1176 3045 1256 3089 con-

257 3152 330 3206 stat.
375 3133 457 3202 lllud
487 3159 618 3228 quoque
649 3130 736 3227 quod
761 3133 936 3202 novissime
960 3134 1103 3202 additam
1126 3137 1256 3201 senten·

255 3247 333 3316 tiam
362 3262 548 3314 consumat:
593 3243 757 3312 masculus
788 3247 879 3336 cujus
908 3244 1067 3339 praeputii
1095 3268 1171 3312 caro
1195 3243 1255 3312 cir·

256 3358 398 3427 cumcisa
420 3384 487 3426 non
504 3355 608 3438 fuerit,
632 3355 747 3448 peribit
769 3354 952 3425 animailla
976 3356 1016 3426 de
1033 3356 1255 3452 populosus,

255 3473 331 3568 quia
353 3485 485 3564 pactum
507 3493 615 3537 meum
638 3466 762 3535 irritum
788 3465 878 3551 lecit,
906 3469 1073 3562 quomodo
1097 3468 1138 3538 ad
1161 3494 1278 3562 prae--

256 3582 370 3665 missa,
398 3580 516 3676 quibus
546 3595 578 3648 et
600 3579 746 3648 advenae
768 3581 835 3670 jam
858 3595 935 3648 sunt
957 3580 1182 3675 comprehensi
1204 3581 1255 3649 re·

255 3693 370 3777 fertur,
392 3690 454 3761 uisi
477 3706 509 3760 et
528 3691 605 3761 cum
628 3689 760 3759 advenis
783 3707 914 3784 pactum
935 3716 1029 3763 suum
1052 3692 1109 3777 sit;
1127 3690 1255 3762 ¹saltem

256 3832 330 3874 eum
363 3804 495 3872 dicitur:
540 3802 799 3873 Circumcidetur
834 3830 871 3872 ex
898 3803 991 3874 vobis
1031 3818 1093 3872 etc.
1150 3801 1255 3893 Quod

254 3943 331 3986 vcro
355 3932 521 4004 aeternam
544 3899 675 4011 quoque
699 3915 877 3985 animarum
899 3914 1131 3985 beatitudinem
1154 3942 1192 3984 ex
1207 3914 1253 3984 lc·

254 4033 455 4048 -υ--ῡ-

223 4096 225 4104 ’
272 4103 297 4153 l.
313 4097 346 4169 2)
364 4095 433 4173 legit.
453 4096 480 4163 lu
497 4114 576 4171 marg.
