2740 4486
270 439 401 507 riardo.
433 437 574 524 Deque
597 459 664 540 rex
685 437 860 508 clamantis
884 451 1079 521 etcaetera,
1104 445 1181 528 qnia
1199 445 1282 510 sient

217 540 223 557 ’
267 552 412 622 uerbum
440 552 587 622 audibile
614 554 650 618 in
679 553 830 618 auditore
863 553 1034 636 praeeedit
1054 556 1277 644 intelligibile,

274 667 364 750 quia,
386 668 471 732 sicut
491 667 580 747 prius
600 677 700 730 sonat
715 687 794 744 vox,
817 677 934 747 postea
957 667 1189 734 exintellectu
1203 691 1280 736 con·

277 781 413 860 cipitur,
449 781 499 850 sie
525 779 665 846 Joaauis
693 779 893 862 praedicatio
925 782 1072 848 anteibat
1104 784 1279 848 adventum

275 891 466 962 nuntiando.
513 891 658 980 Verbum
679 914 758 980 ergo
782 893 862 956 dicit
888 897 1008 960 mentis
1030 910 1224 978 conceptum
1248 910 1281 961 et

243 996 245 1002 ’
276 1003 439 1087 quandam
468 1003 712 1091 intelligentiae
743 1003 965 1088 locutionem,
1000 1029 1084 1090 quae
1114 1011 1149 1072 iu
1172 1021 1281 1074 ruente

275 1115 448 1198 formatur,
472 1119 513 1186 ad
536 1121 628 1202 cujus
652 1117 902 1184 similitudinem
923 1122 1111 1206 unigenitus
1124 1121 1190 1186 Dei
1208 1145 1280 1188 ver·
1361 1119 1362 1130 ’

274 1231 354 1302 bum
375 1233 493 1298 dieitur
515 1243 548 1294 et
570 1233 663 1316 qnasi
693 1233 853 1315 quaedam
883 1235 956 1318 ejus
978 1233 1218 1302 intellectualis
1241 1259 1280 1301 ac
1361 1245 1362 1280 ³

275 1358 434 1432 perpetua
460 1343 605 1424 locutio,
633 1347 668 1412 in
698 1347 791 1428 cujus
826 1347 1032 1426 providentia
1068 1327 1212 1413 omnium
1234 1348 1275 1413 ab

277 1472 412 1538 aeterno
435 1458 584 1542 praefixa
606 1460 758 1522 consistit
787 1460 964 1524 ordinatio.
1009 1457 1105 1524 Unde
1128 1457 1279 1544 Moyses,

276 1593 349 1640 eum
373 1571 514 1638 diversis
535 1550 647 1636 rerum
660 1562 881 1636 creationibus
899 1572 1059 1638 iaciendis
1073 1576 1278 1656 praemittat:

177 1719 181 1724 -
277 1687 361 1754 dixit
382 1684 496 1765 Deus,
526 1699 559 1750 et
588 1685 778 1754 addictum
812 1689 925 1750 statim
947 1687 1099 1751 effectum
1121 1687 1281 1773 adjungat

277 1797 409 1866 dicent:
438 1808 470 1860 et
500 1795 622 1861 factum
652 1807 705 1860 est
724 1780 792 1872 ita,
825 1776 1072 1862 coaetaneum
1095 1797 1280 1862 condidisse
1361 1797 1362 1874 l

218 1965 223 1976 ·
276 1917 311 1986 ia
333 1914 447 1993 verbo,
464 1915 505 1992 ¹id
528 1925 580 1978 est
599 1914 635 1980 iu
657 1914 819 1994 sapientia
841 1933 902 1976 sua
924 1915 1080 1993 ostendit,
1102 1915 1137 1977 id
1158 1927 1209 1980 est
1226 1937 1280 1980 ra·
1360 1923 1362 2002 l

277 2025 491 2097 tionabiliter.
516 2025 568 2092 De
594 2048 657 2110 quo
681 2038 715 2092 et
736 2023 882 2109 psalmus
904 2024 1006 2091 dixit:
1031 2039 1063 2090 et
1081 2026 1275 2107 factasunt,

277 2141 312 2210 id
335 2152 388 2209 eat
408 2142 538 2207 ratione
561 2154 679 2205 cuncta
701 2139 865 2217 condidit,
898 2141 969 2206 sive
993 2141 1166 2206 ordinavit.
1213 2139 1278 2216 Qui

279 2257 378 2324 etiam
401 2253 536 2320 verbum
558 2252 640 2320 alibi
661 2253 803 2334 apertius
836 2250 1085 2332 demonstrans,
1116 2274 1181 2317 nou
1204 2275 1280 2320 esse

278 2365 426 2438 ttudibile
448 2387 511 2434 uec
533 2365 769 2442 mansitcrium,
792 2363 853 2426 sed
874 2362 1087 2451 intelligibile
1105 2378 1139 2430 et
1152 2389 1280 2450 perma-

277 2497 361 2548 uemr
384 2479 442 2542 ait.
488 2474 556 2555 Qui
577 2477 656 2540 lecit
679 2455 849 2540 ecclesio
871 2476 1069 2558 intellectu,
1092 2480 1126 2544 id
1149 2491 1205 2550 est„
1223 2478 1281 2544 ad·

276 2590 411 2662 modum
432 2589 544 2670 illum,
581 2611 644 2673 quo
667 2591 804 2672 primum
828 2609 885 2652 eus
909 2591 1092 2670 ordinavit,
1121 2595 1156 2656 in
1178 2591 1281 2656 verbo

278 2706 417 2788 mentis,
450 2704 486 2768 id
519 2716 570 2770 est
598 2705 633 2768 in
669 2714 828 2785 conceptu
860 2703 932 2768 sivo
963 2716 1140 2786 perpetuae
1171 2706 1283 2770 omnia

278 2815 482 2900 providentis
531 2815 786 2902 intelligentiae.
863 2815 1146 2891 Quemadmodum
1201 2839 1284 2886 vero

269 2951 364 3014 ,quaa
385 2930 428 3000 ad
449 2932 630 3013 potentiam
651 2931 816 3012 pertinent
841 2932 947 3010 patri,
978 2951 1062 3013 quae
1085 2930 1128 2994 ad
1149 2932 1284 3012 sapien·
1361 2925 1362 2948 ¹

278 3043 360 3112 tiam
380 3041 452 3108 filio
474 3042 666 3126 specialiter
688 3042 889 3122 tribuuntur,
923 3044 970 3108 ita
992 3065 1077 3128 quae
1095 3044 1140 3119 ‘ad
1164 3065 1283 3127 opera·

280 3159 404 3226 tionem
433 3158 564 3223 divinae
593 3157 722 3242 gratiae
755 3159 896 3224 attinent
918 3177 957 3220 ac
978 3158 1112 3222 divinae
1135 3159 1286 3224 caritatis

279 3268 474 3349 bonitatem,
496 3271 626 3353 spiritui
641 3281 758 3338 sancto
771 3268 1002 3349 attribuuntur,
1026 3273 1111 3338 sieut
1122 3283 1156 3336 et
1167 3275 1287 3338 remir-

265 3384 331 3469 ,nio
365 3396 575 3467 peecatorum
603 3395 639 3450 et
668 3381 853 3448 distributio
886 3405 1151 3468 quorumcunque
1181 3386 1287 3451 douo-

277 3516 351 3562 rum
383 3516 428 3564 ax
461 3494 536 3564 tela
569 3495 718 3564 bonitate
747 3517 825 3573 sua,
860 3515 926 3559 uon
949 3518 993 3562 ex
1014 3499 1138 3560 meritis
1162 3501 1287 3566 nostris
1361 3547 1362 3580 ,

278 3611 489 3693 proveniens.
536 3607 654 3686 Qualia
677 3620 728 3676 eat
748 3612 957 3694 regeneratio
978 3613 1013 3676 in
1028 3610 1227 3695 baptismate
1244 3613 1289 3678 ad
1361 3591 1362 3646 Ῑ

281 3723 476 3793 dimittenda
493 3735 630 3807 peccata
650 3735 686 3787 et
701 3722 909 3794 confirmatio
930 3745 989 3806 per
1010 3745 1125 3792 manue
1148 3727 1288 3808 imposi-
1361 3799 1362 3802 Ἴ

280 3835 1081 3924 fiouemepiseopi,addendamnrmaturem1etc]
1101 3837 1290 3908 Sioetene-
1361 3867 1362 3930 ὴ

280 3961 353 4019 tera
376 3961 601 4031 sacramenta,
636 3951 777 4036 quaein
800 3951 946 4024 eeclesia
969 3951 1207 4033 conficiuntur,
1243 3973 1291 4020 ex
