<?xml version="1.0" encoding="UTF-8"?>
<!DOCTYPE html PUBLIC "-//W3C//DTD XHTML 1.0 Transitional//EN"
    "http://www.w3.org/TR/xhtml1/DTD/xhtml1-transitional.dtd">
<html xmlns="http://www.w3.org/1999/xhtml" xml:lang="en" lang="en">
 <head>
  <title>
</title>
<meta http-equiv="Content-Type" content="text/html;charset=utf-8" />
  <meta name='ocr-system' content='tesseract 3.04.00' />
  <meta name='ocr-capabilities' content='ocr_page ocr_carea ocr_par ocr_line ocrx_word'/>
</head>
<body>
  <div class='ocr_page' id='page_1' title='image "./dialogusinterph00abelgoog_0046.png"; bbox 0 0 2798 4486; ppageno 0'>
   <div class='ocr_carea' id='block_1_1' title="bbox 249 231 301 308">
    <p class='ocr_par' dir='ltr' id='par_1_1' title="bbox 249 231 301 308">
     <span class='ocr_line' id='line_1_1' title="bbox 249 231 301 308; baseline 0 0"><span class='ocrx_word' id='word_1_1' title='bbox 249 231 301 308; x_wconf 80' lang='lat'><strong>28</strong></span> 
     </span>
    </p>
   </div>
   <div class='ocr_carea' id='block_1_2' title="bbox 250 399 1256 499">
    <p class='ocr_par' dir='ltr' id='par_1_2' title="bbox 250 399 1256 499">
     <span class='ocr_line' id='line_1_2' title="bbox 250 399 1256 499; baseline -0.006 -23"><span class='ocrx_word' id='word_1_2' title='bbox 250 404 388 499; x_wconf 81' lang='lat' dir='ltr'><strong>Moyses</strong></span> <span class='ocrx_word' id='word_1_3' title='bbox 404 401 437 472; x_wconf 88' lang='lat' dir='ltr'><strong>in</strong></span> <span class='ocrx_word' id='word_1_4' title='bbox 453 399 630 472; x_wconf 91' lang='lat' dir='ltr'><strong>novissimo</strong></span> <span class='ocrx_word' id='word_1_5' title='bbox 648 403 848 472; x_wconf 83' lang='lat' dir='ltr'><strong>consumans</strong></span> <span class='ocrx_word' id='word_1_6' title='bbox 863 402 908 472; x_wconf 90' lang='lat' dir='ltr'><strong>ait</strong></span> <span class='ocrx_word' id='word_1_7' title='bbox 924 411 971 491; x_wconf 83' lang='lat'><strong>¹):</strong></span> <span class='ocrx_word' id='word_1_8' title='bbox 993 402 1037 473; x_wconf 86' lang='lat' dir='ltr'><strong>Et</strong></span> <span class='ocrx_word' id='word_1_9' title='bbox 1051 405 1139 472; x_wconf 86' lang='lat' dir='ltr'><strong>nunc&#39;</strong></span> <span class='ocrx_word' id='word_1_10' title='bbox 1154 401 1256 472; x_wconf 87' lang='lat' dir='ltr'><strong>lsrael</strong></span> 
     </span>
    </p>
   </div>
   <div class='ocr_carea' id='block_1_3' title="bbox 169 514 1353 3752">
    <p class='ocr_par' dir='ltr' id='par_1_3' title="bbox 169 514 1353 3752">
     <span class='ocr_line' id='line_1_3' title="bbox 255 514 1255 613; baseline -0.001 -29"><span class='ocrx_word' id='word_1_11' title='bbox 255 516 333 613; x_wconf 89' lang='lat' dir='ltr'><strong>qnid</strong></span> <span class='ocrx_word' id='word_1_12' title='bbox 357 515 509 586; x_wconf 91' lang='lat' dir='ltr'><strong>dominus</strong></span> <span class='ocrx_word' id='word_1_13' title='bbox 537 514 617 590; x_wconf 85' lang='lat' dir='ltr'><strong>deus</strong></span> <span class='ocrx_word' id='word_1_14' title='bbox 647 529 721 583; x_wconf 91' lang='lat' dir='ltr'><strong>tuus</strong></span> <span class='ocrx_word' id='word_1_15' title='bbox 751 514 833 609; x_wconf 88' lang='lat' dir='ltr'><strong>petit</strong></span> <span class='ocrx_word' id='word_1_16' title='bbox 861 540 881 584; x_wconf 89' lang='lat' dir='ltr'><strong>a</strong></span> <span class='ocrx_word' id='word_1_17' title='bbox 908 530 954 601; x_wconf 86' lang='lat' dir='ltr'><strong>te,</strong></span> <span class='ocrx_word' id='word_1_18' title='bbox 984 515 1048 584; x_wconf 92' lang='lat' dir='ltr'><strong>nisi</strong></span> <span class='ocrx_word' id='word_1_19' title='bbox 1075 529 1112 583; x_wconf 90' lang='lat' dir='ltr'><strong>ut</strong></span> <span class='ocrx_word' id='word_1_20' title='bbox 1139 514 1255 584; x_wconf 89' lang='lat' dir='ltr'><strong>timeas</strong></span> 
     </span>
     <span class='ocr_line' id='line_1_4' title="bbox 251 625 1294 722; baseline -0.006 -23"><span class='ocrx_word' id='word_1_21' title='bbox 251 629 350 698; x_wconf 88' lang='lat' dir='ltr'><strong>deum</strong></span> <span class='ocrx_word' id='word_1_22' title='bbox 378 643 468 697; x_wconf 91' lang='lat' dir='ltr'><strong>tuum</strong></span> <span class='ocrx_word' id='word_1_23' title='bbox 502 642 533 696; x_wconf 89' lang='lat' dir='ltr'><strong>et</strong></span> <span class='ocrx_word' id='word_1_24' title='bbox 562 625 708 695; x_wconf 82' lang='lat' dir='ltr'><strong>ambules</strong></span> <span class='ocrx_word' id='word_1_25' title='bbox 735 626 770 696; x_wconf 91' lang='lat' dir='ltr'><strong>in</strong></span> <span class='ocrx_word' id='word_1_26' title='bbox 799 626 860 696; x_wconf 88' lang='lat' dir='ltr'><strong>viis</strong></span> <span class='ocrx_word' id='word_1_27' title='bbox 884 631 953 722; x_wconf 87' lang='lat' dir='ltr'><strong>ejus</strong></span> <span class='ocrx_word' id='word_1_28' title='bbox 977 644 1009 698; x_wconf 88' lang='lat' dir='ltr'><strong>et</strong></span> <span class='ocrx_word' id='word_1_29' title='bbox 1032 626 1148 720; x_wconf 81' lang='lat' dir='ltr'><strong>diligas</strong></span> <span class='ocrx_word' id='word_1_30' title='bbox 1173 631 1257 711; x_wconf 86' lang='lat' dir='ltr'><strong>euln,</strong></span> <span class='ocrx_word' id='word_1_31' title='bbox 1290 653 1294 664; x_wconf 72' lang='lat'><strong><em>¹</em></strong></span> 
     </span>
     <span class='ocr_line' id='line_1_5' title="bbox 252 738 1254 812; baseline -0.003 -1"><span class='ocrx_word' id='word_1_32' title='bbox 252 757 285 812; x_wconf 88' lang='lat' dir='ltr'><strong>et</strong></span> <span class='ocrx_word' id='word_1_33' title='bbox 315 740 435 810; x_wconf 88' lang='lat' dir='ltr'><strong>servias</strong></span> <span class='ocrx_word' id='word_1_34' title='bbox 465 738 599 809; x_wconf 88' lang='lat' dir='ltr'><strong>domiuo</strong></span> <span class='ocrx_word' id='word_1_35' title='bbox 628 739 692 808; x_wconf 94' lang='lat' dir='ltr'><strong>deo</strong></span> <span class='ocrx_word' id='word_1_36' title='bbox 721 754 778 809; x_wconf 90' lang='lat' dir='ltr'><strong>tuo</strong></span> <span class='ocrx_word' id='word_1_37' title='bbox 807 739 851 808; x_wconf 72' lang='lat' dir='ltr'><strong>in&#39;</strong></span> <span class='ocrx_word' id='word_1_38' title='bbox 871 755 940 810; x_wconf 94' lang='lat' dir='ltr'><strong>toto</strong></span> <span class='ocrx_word' id='word_1_39' title='bbox 964 739 1063 810; x_wconf 90' lang='lat' dir='ltr'><strong>corde</strong></span> <span class='ocrx_word' id='word_1_40' title='bbox 1086 755 1148 809; x_wconf 91' lang='lat' dir='ltr'><strong>tuo</strong></span> <span class='ocrx_word' id='word_1_41' title='bbox 1166 754 1198 808; x_wconf 89' lang='lat' dir='ltr'><strong>et</strong></span> <span class='ocrx_word' id='word_1_42' title='bbox 1220 738 1254 808; x_wconf 92' lang='lat' dir='ltr'><strong>in</strong></span> 
     </span>
     <span class='ocr_line' id='line_1_6' title="bbox 249 843 1253 946; baseline -0.002 -23"><span class='ocrx_word' id='word_1_43' title='bbox 249 843 322 922; x_wconf 76' lang='lat' dir='ltr'><strong>tota</strong></span> <span class='ocrx_word' id='word_1_44' title='bbox 345 853 454 921; x_wconf 90' lang='lat' dir='ltr'><strong>anima</strong></span> <span class='ocrx_word' id='word_1_45' title='bbox 476 867 542 936; x_wconf 92' lang='lat' dir='ltr'><strong>toa,</strong></span> <span class='ocrx_word' id='word_1_46' title='bbox 568 850 801 946; x_wconf 83' lang='lat' dir='ltr'><strong>custodiasque</strong></span> <span class='ocrx_word' id='word_1_47' title='bbox 823 851 977 920; x_wconf 88' lang='lat' dir='ltr'><strong>mandata</strong></span> <span class='ocrx_word' id='word_1_48' title='bbox 1000 851 1123 921; x_wconf 91' lang='lat' dir='ltr'><strong>domini</strong></span> <span class='ocrx_word' id='word_1_49' title='bbox 1146 868 1179 921; x_wconf 89' lang='lat' dir='ltr'><strong>et</strong></span> <span class='ocrx_word' id='word_1_50' title='bbox 1201 878 1253 921; x_wconf 88' lang='lat' dir='ltr'><strong>ce-</strong></span> 
     </span>
     <span class='ocr_line' id='line_1_7' title="bbox 250 962 1262 1059; baseline 0.001 -26"><span class='ocrx_word' id='word_1_51' title='bbox 250 965 406 1034; x_wconf 90' lang='lat' dir='ltr'><strong>rimonias</strong></span> <span class='ocrx_word' id='word_1_52' title='bbox 435 966 504 1057; x_wconf 90' lang='lat' dir='ltr'><strong>ejus</strong></span> <span class='ocrx_word' id='word_1_53' title='bbox 528 987 608 1059; x_wconf 87' lang='lat' dir='ltr'><strong>quas</strong></span> <span class='ocrx_word' id='word_1_54' title='bbox 633 989 694 1056; x_wconf 90' lang='lat' dir='ltr'><strong>ego</strong></span> <span class='ocrx_word' id='word_1_55' title='bbox 719 963 816 1033; x_wconf 90' lang='lat' dir='ltr'><strong>bodie</strong></span> <span class='ocrx_word' id='word_1_56' title='bbox 840 962 1019 1058; x_wconf 87' lang='lat' dir='ltr'><strong>praecipio,</strong></span> <span class='ocrx_word' id='word_1_57' title='bbox 1047 980 1084 1033; x_wconf 86' lang='lat' dir='ltr'><strong>ut</strong></span> <span class='ocrx_word' id='word_1_58' title='bbox 1105 964 1189 1034; x_wconf 89' lang='lat' dir='ltr'><strong>bene</strong></span> <span class='ocrx_word' id='word_1_59' title='bbox 1212 964 1262 1034; x_wconf 86' lang='lat' dir='ltr'><strong>sit¹</strong></span> 
     </span>
     <span class='ocr_line' id='line_1_8' title="bbox 249 1073 1254 1146; baseline -0.001 0"><span class='ocrx_word' id='word_1_60' title='bbox 249 1076 330 1146; x_wconf 80' lang='lat' dir='ltr'><strong>tibi?</strong></span> <span class='ocrx_word' id='word_1_61' title='bbox 358 1076 412 1146; x_wconf 90' lang='lat' dir='ltr'><strong>En</strong></span> <span class='ocrx_word' id='word_1_62' title='bbox 436 1075 559 1145; x_wconf 91' lang='lat' dir='ltr'><strong>domini</strong></span> <span class='ocrx_word' id='word_1_63' title='bbox 581 1074 633 1145; x_wconf 93' lang='lat' dir='ltr'><strong>dei</strong></span> <span class='ocrx_word' id='word_1_64' title='bbox 652 1075 699 1144; x_wconf 87' lang='lat' dir='ltr'><strong>tui</strong></span> <span class='ocrx_word' id='word_1_65' title='bbox 722 1074 847 1145; x_wconf 89' lang='lat' dir='ltr'><strong>caelum</strong></span> <span class='ocrx_word' id='word_1_66' title='bbox 870 1092 903 1144; x_wconf 92' lang='lat' dir='ltr'><strong>et</strong></span> <span class='ocrx_word' id='word_1_67' title='bbox 922 1073 1048 1145; x_wconf 91' lang='lat' dir='ltr'><strong>caelum</strong></span> <span class='ocrx_word' id='word_1_68' title='bbox 1071 1075 1150 1145; x_wconf 90' lang='lat' dir='ltr'><strong>caeli</strong></span> <span class='ocrx_word' id='word_1_69' title='bbox 1168 1091 1254 1145; x_wconf 90' lang='lat' dir='ltr'><strong>terra</strong></span> 
     </span>
     <span class='ocr_line' id='line_1_9' title="bbox 251 1186 1353 1284; baseline -0.001 -26"><span class='ocrx_word' id='word_1_70' title='bbox 251 1204 284 1258; x_wconf 93' lang='lat' dir='ltr'><strong>et</strong></span> <span class='ocrx_word' id='word_1_71' title='bbox 307 1188 419 1258; x_wconf 87' lang='lat' dir='ltr'><strong>omnia</strong></span> <span class='ocrx_word' id='word_1_72' title='bbox 441 1212 525 1283; x_wconf 91' lang='lat' dir='ltr'><strong>quae</strong></span> <span class='ocrx_word' id='word_1_73' title='bbox 547 1186 582 1256; x_wconf 89' lang='lat' dir='ltr'><strong>in</strong></span> <span class='ocrx_word' id='word_1_74' title='bbox 606 1186 654 1256; x_wconf 91' lang='lat' dir='ltr'><strong>eis</strong></span> <span class='ocrx_word' id='word_1_75' title='bbox 676 1203 753 1258; x_wconf 90' lang='lat' dir='ltr'><strong>sunt</strong></span> <span class='ocrx_word' id='word_1_76' title='bbox 775 1204 807 1257; x_wconf 86' lang='lat' dir='ltr'><strong>et</strong></span> <span class='ocrx_word' id='word_1_77' title='bbox 830 1214 904 1256; x_wconf 92' lang='lat' dir='ltr'><strong>cum</strong></span> <span class='ocrx_word' id='word_1_78' title='bbox 926 1187 1071 1282; x_wconf 89' lang='lat' dir='ltr'><strong>patribus</strong></span> <span class='ocrx_word' id='word_1_79' title='bbox 1093 1187 1156 1256; x_wconf 89' lang='lat' dir='ltr'><strong>tuis</strong></span> <span class='ocrx_word' id='word_1_80' title='bbox 1175 1213 1252 1257; x_wconf 89' lang='lat' dir='ltr'><strong>con·</strong></span> <span class='ocrx_word' id='word_1_81' title='bbox 1349 1279 1353 1284; x_wconf 25' lang='grc'>1</span> 
     </span>
     <span class='ocr_line' id='line_1_10' title="bbox 251 1297 1252 1395; baseline 0 -27"><span class='ocrx_word' id='word_1_82' title='bbox 251 1299 430 1392; x_wconf 87' lang='lat' dir='ltr'><strong>glutinatus</strong></span> <span class='ocrx_word' id='word_1_83' title='bbox 461 1315 512 1368; x_wconf 92' lang='lat' dir='ltr'><strong>est</strong></span> <span class='ocrx_word' id='word_1_84' title='bbox 540 1298 693 1368; x_wconf 91' lang='lat' dir='ltr'><strong>dominus</strong></span> <span class='ocrx_word' id='word_1_85' title='bbox 723 1314 756 1368; x_wconf 91' lang='lat' dir='ltr'><strong>et</strong></span> <span class='ocrx_word' id='word_1_86' title='bbox 783 1300 903 1369; x_wconf 91' lang='lat' dir='ltr'><strong>amavit</strong></span> <span class='ocrx_word' id='word_1_87' title='bbox 930 1324 988 1368; x_wconf 89' lang='lat' dir='ltr'><strong>eos</strong></span> <span class='ocrx_word' id='word_1_88' title='bbox 1017 1297 1178 1395; x_wconf 81' lang='lat' dir='ltr'><strong>elegitque</strong></span> <span class='ocrx_word' id='word_1_89' title='bbox 1201 1325 1252 1368; x_wconf 89' lang='lat' dir='ltr'><strong>se-</strong></span> 
     </span>
     <span class='ocr_line' id='line_1_11' title="bbox 249 1409 1252 1505; baseline -0.001 -24"><span class='ocrx_word' id='word_1_90' title='bbox 249 1438 327 1481; x_wconf 88' lang='lat' dir='ltr'><strong>men</strong></span> <span class='ocrx_word' id='word_1_91' title='bbox 348 1437 460 1481; x_wconf 92' lang='lat' dir='ltr'><strong>eorum</strong></span> <span class='ocrx_word' id='word_1_92' title='bbox 479 1427 644 1505; x_wconf 74' lang='lat' dir='ltr'><strong>postem,</strong></span> <span class='ocrx_word' id='word_1_93' title='bbox 666 1409 766 1480; x_wconf 91' lang='lat' dir='ltr'><strong>idest</strong></span> <span class='ocrx_word' id='word_1_94' title='bbox 785 1420 896 1501; x_wconf 91' lang='lat' dir='ltr'><strong>n(v)os</strong></span> <span class='ocrx_word' id='word_1_95' title='bbox 921 1411 961 1481; x_wconf 95' lang='lat' dir='ltr'><strong>de</strong></span> <span class='ocrx_word' id='word_1_96' title='bbox 982 1412 1104 1482; x_wconf 88' lang='lat' dir='ltr'><strong>cunctis</strong></span> <span class='ocrx_word' id='word_1_97' title='bbox 1122 1410 1252 1505; x_wconf 88' lang='lat' dir='ltr'><strong>populis</strong></span> 
     </span>
     <span class='ocr_line' id='line_1_12' title="bbox 250 1523 1253 1617; baseline 0 -25"><span class='ocrx_word' id='word_1_98' title='bbox 250 1523 335 1594; x_wconf 86' lang='lat' dir='ltr'><strong>sicut</strong></span> <span class='ocrx_word' id='word_1_99' title='bbox 358 1523 456 1593; x_wconf 92' lang='lat' dir='ltr'><strong>bodie</strong></span> <span class='ocrx_word' id='word_1_100' title='bbox 481 1523 721 1617; x_wconf 89' lang='lat' dir='ltr'><strong>comprobatur.</strong></span> <span class='ocrx_word' id='word_1_101' title='bbox 758 1523 921 1593; x_wconf 87' lang='lat' dir='ltr'><strong>lotantum</strong></span> <span class='ocrx_word' id='word_1_102' title='bbox 944 1550 1021 1595; x_wconf 86' lang='lat' dir='ltr'><strong>vero</strong></span> <span class='ocrx_word' id='word_1_103' title='bbox 1045 1523 1253 1594; x_wconf 84' lang='lat' dir='ltr'><strong>dilectionem</strong></span> 
     </span>
     <span class='ocr_line' id='line_1_13' title="bbox 169 1632 1252 1736; baseline -0.003 -30"><span class='ocrx_word' id='word_1_104' title='bbox 169 1699 172 1706; x_wconf 27' lang='lat' dir='ltr'><strong>r</strong></span> <span class='ocrx_word' id='word_1_105' title='bbox 250 1636 319 1720; x_wconf 89' lang='lat' dir='ltr'><strong>dei,</strong></span> <span class='ocrx_word' id='word_1_106' title='bbox 341 1651 378 1704; x_wconf 91' lang='lat' dir='ltr'><strong>ut</strong></span> <span class='ocrx_word' id='word_1_107' title='bbox 398 1632 542 1729; x_wconf 85' lang='lat' dir='ltr'><strong>perlecta</strong></span> <span class='ocrx_word' id='word_1_108' title='bbox 566 1635 607 1703; x_wconf 87' lang='lat' dir='ltr'><strong>sit</strong></span> <span class='ocrx_word' id='word_1_109' title='bbox 630 1635 800 1728; x_wconf 82' lang='lat' dir='ltr'><strong>diligenter</strong></span> <span class='ocrx_word' id='word_1_110' title='bbox 821 1637 873 1706; x_wconf 85' lang='lat' dir='ltr'><strong>lex</strong></span> <span class='ocrx_word' id='word_1_111' title='bbox 896 1636 1043 1736; x_wconf 82' lang='lat' dir='ltr'><strong>exprimit</strong></span> <span class='ocrx_word' id='word_1_112' title='bbox 1064 1652 1161 1732; x_wconf 87' lang='lat' dir='ltr'><strong>atque</strong></span> <span class='ocrx_word' id='word_1_113' title='bbox 1184 1660 1252 1704; x_wconf 91' lang='lat' dir='ltr'><strong>am·</strong></span> 
     </span>
     <span class='ocr_line' id='line_1_14' title="bbox 249 1746 1252 1846; baseline 0 -30"><span class='ocrx_word' id='word_1_114' title='bbox 249 1748 387 1846; x_wconf 81' lang='lat' dir='ltr'><strong>plificat3</strong></span> <span class='ocrx_word' id='word_1_115' title='bbox 423 1763 459 1816; x_wconf 91' lang='lat' dir='ltr'><strong>ut</strong></span> <span class='ocrx_word' id='word_1_116' title='bbox 495 1746 592 1816; x_wconf 92' lang='lat' dir='ltr'><strong>deum</strong></span> <span class='ocrx_word' id='word_1_117' title='bbox 622 1746 822 1841; x_wconf 87' lang='lat' dir='ltr'><strong>diligendum</strong></span> <span class='ocrx_word' id='word_1_118' title='bbox 856 1776 893 1818; x_wconf 86' lang='lat' dir='ltr'><strong>ex</strong></span> <span class='ocrx_word' id='word_1_119' title='bbox 923 1765 993 1821; x_wconf 85' lang='lat' dir='ltr'><strong>toto</strong></span> <span class='ocrx_word' id='word_1_120' title='bbox 1024 1748 1123 1819; x_wconf 91' lang='lat' dir='ltr'><strong>corde</strong></span> <span class='ocrx_word' id='word_1_121' title='bbox 1152 1763 1184 1817; x_wconf 92' lang='lat' dir='ltr'><strong>et</strong></span> <span class='ocrx_word' id='word_1_122' title='bbox 1213 1773 1252 1816; x_wconf 86' lang='lat' dir='ltr'><strong>ex</strong></span> 
     </span>
     <span class='ocr_line' id='line_1_15' title="bbox 250 1857 1250 1955; baseline -0.002 -26"><span class='ocrx_word' id='word_1_123' title='bbox 250 1876 318 1931; x_wconf 88' lang='lat' dir='ltr'><strong>tota</strong></span> <span class='ocrx_word' id='word_1_124' title='bbox 343 1859 451 1928; x_wconf 90' lang='lat' dir='ltr'><strong>anima</strong></span> <span class='ocrx_word' id='word_1_125' title='bbox 482 1874 514 1929; x_wconf 88' lang='lat' dir='ltr'><strong>et</strong></span> <span class='ocrx_word' id='word_1_126' title='bbox 545 1884 583 1927; x_wconf 87' lang='lat' dir='ltr'><strong>ex</strong></span> <span class='ocrx_word' id='word_1_127' title='bbox 609 1875 678 1929; x_wconf 86' lang='lat' dir='ltr'><strong>tota</strong></span> <span class='ocrx_word' id='word_1_128' title='bbox 707 1857 893 1930; x_wconf 82' lang='lat' dir='ltr'><strong>fortitudine</strong></span> <span class='ocrx_word' id='word_1_129' title='bbox 923 1878 1035 1931; x_wconf 84' lang='lat' dir='ltr'><strong>nostra</strong></span> <span class='ocrx_word' id='word_1_130' title='bbox 1063 1859 1250 1955; x_wconf 88' lang='lat' dir='ltr'><strong>praecipiat.</strong></span> 
     </span>
     <span class='ocr_line' id='line_1_16' title="bbox 248 1972 1252 2068; baseline -0.003 -26"><span class='ocrx_word' id='word_1_131' title='bbox 248 1972 438 2042; x_wconf 84' lang='lat' dir='ltr'><strong>Proximum</strong></span> <span class='ocrx_word' id='word_1_132' title='bbox 475 1995 552 2040; x_wconf 90' lang='lat' dir='ltr'><strong>vero</strong></span> <span class='ocrx_word' id='word_1_133' title='bbox 580 1986 734 2067; x_wconf 90' lang='lat' dir='ltr'><strong>tanquam</strong></span> <span class='ocrx_word' id='word_1_134' title='bbox 764 1999 826 2044; x_wconf 91' lang='lat' dir='ltr'><strong>nos</strong></span> <span class='ocrx_word' id='word_1_135' title='bbox 856 1973 988 2066; x_wconf 90' lang='lat' dir='ltr'><strong>diligere</strong></span> <span class='ocrx_word' id='word_1_136' title='bbox 1016 1974 1180 2068; x_wconf 86' lang='lat' dir='ltr'><strong>jubemur,</strong></span> <span class='ocrx_word' id='word_1_137' title='bbox 1216 1985 1252 2040; x_wconf 86' lang='lat' dir='ltr'><strong>ut</strong></span> 
     </span>
     <span class='ocr_line' id='line_1_17' title="bbox 248 2082 1252 2179; baseline -0.004 -24"><span class='ocrx_word' id='word_1_138' title='bbox 248 2083 397 2156; x_wconf 87' lang='lat' dir='ltr'><strong>videlicet</strong></span> <span class='ocrx_word' id='word_1_139' title='bbox 432 2086 524 2152; x_wconf 89' lang='lat' dir='ltr'><strong>amor</strong></span> <span class='ocrx_word' id='word_1_140' title='bbox 553 2082 606 2152; x_wconf 90' lang='lat' dir='ltr'><strong>dei</strong></span> <span class='ocrx_word' id='word_1_141' title='bbox 636 2108 735 2179; x_wconf 85' lang='lat' dir='ltr'><strong>supra</strong></span> <span class='ocrx_word' id='word_1_142' title='bbox 764 2111 826 2155; x_wconf 91' lang='lat' dir='ltr'><strong>nos</strong></span> <span class='ocrx_word' id='word_1_143' title='bbox 857 2087 953 2155; x_wconf 85' lang='lat' dir='ltr'><strong>etiam</strong></span> <span class='ocrx_word' id='word_1_144' title='bbox 980 2102 1132 2157; x_wconf 83' lang='lat' dir='ltr'><strong>extensos</strong></span> <span class='ocrx_word' id='word_1_145' title='bbox 1163 2083 1252 2153; x_wconf 92' lang='lat' dir='ltr'><strong>nulla</strong></span> 
     </span>
     <span class='ocr_line' id='line_1_18' title="bbox 250 2193 1251 2294; baseline -0.001 -28"><span class='ocrx_word' id='word_1_146' title='bbox 250 2220 403 2266; x_wconf 90' lang='lat' dir='ltr'><strong>mensura</strong></span> <span class='ocrx_word' id='word_1_147' title='bbox 434 2193 668 2270; x_wconf 82' lang='lat' dir='ltr'><strong>concludatur?</strong></span> <span class='ocrx_word' id='word_1_148' title='bbox 712 2197 807 2292; x_wconf 91' lang='lat' dir='ltr'><strong>lpsos</strong></span> <span class='ocrx_word' id='word_1_149' title='bbox 838 2225 968 2294; x_wconf 92' lang='lat' dir='ltr'><strong>quoque</strong></span> <span class='ocrx_word' id='word_1_150' title='bbox 996 2197 1139 2268; x_wconf 88' lang='lat' dir='ltr'><strong>advenas</strong></span> <span class='ocrx_word' id='word_1_151' title='bbox 1162 2195 1251 2292; x_wconf 91' lang='lat' dir='ltr'><strong>apud</strong></span> 
     </span>
     <span class='ocr_line' id='line_1_19' title="bbox 250 2303 1250 2406; baseline -0.003 -28"><span class='ocrx_word' id='word_1_152' title='bbox 250 2333 313 2378; x_wconf 92' lang='lat' dir='ltr'><strong>nos</strong></span> <span class='ocrx_word' id='word_1_153' title='bbox 342 2323 582 2378; x_wconf 86' lang='lat' dir='ltr'><strong>commorantes</strong></span> <span class='ocrx_word' id='word_1_154' title='bbox 612 2310 706 2403; x_wconf 92' lang='lat' dir='ltr'><strong>quasi</strong></span> <span class='ocrx_word' id='word_1_155' title='bbox 727 2303 969 2406; x_wconf 86' lang='lat' dir='ltr'><strong>nosmetipsos</strong></span> <span class='ocrx_word' id='word_1_156' title='bbox 993 2335 1102 2380; x_wconf 88' lang='lat' dir='ltr'><strong>amare</strong></span> <span class='ocrx_word' id='word_1_157' title='bbox 1124 2306 1250 2404; x_wconf 90' lang='lat' dir='ltr'><strong>praeci·</strong></span> 
     </span>
     <span class='ocr_line' id='line_1_20' title="bbox 249 2419 1251 2517; baseline 0.003 -30"><span class='ocrx_word' id='word_1_158' title='bbox 249 2419 373 2515; x_wconf 87' lang='lat' dir='ltr'><strong>pimur,</strong></span> <span class='ocrx_word' id='word_1_159' title='bbox 403 2419 629 2514; x_wconf 86' lang='lat' dir='ltr'><strong>intantumque</strong></span> <span class='ocrx_word' id='word_1_160' title='bbox 658 2420 841 2490; x_wconf 88' lang='lat' dir='ltr'><strong>dilectionis</strong></span> <span class='ocrx_word' id='word_1_161' title='bbox 871 2422 978 2492; x_wconf 90' lang='lat' dir='ltr'><strong>sinum</strong></span> <span class='ocrx_word' id='word_1_162' title='bbox 1000 2421 1051 2492; x_wconf 88' lang='lat' dir='ltr'><strong>lex</strong></span> <span class='ocrx_word' id='word_1_163' title='bbox 1071 2422 1142 2517; x_wconf 90' lang='lat' dir='ltr'><strong>ipsa</strong></span> <span class='ocrx_word' id='word_1_164' title='bbox 1165 2421 1251 2490; x_wconf 84' lang='lat' dir='ltr'><strong>laxat</strong></span> 
     </span>
     <span class='ocr_line' id='line_1_21' title="bbox 250 2528 1277 2629; baseline 0.002 -29"><span class='ocrx_word' id='word_1_165' title='bbox 250 2547 287 2600; x_wconf 91' lang='lat' dir='ltr'><strong>ut</strong></span> <span class='ocrx_word' id='word_1_166' title='bbox 316 2556 378 2599; x_wconf 90' lang='lat' dir='ltr'><strong>nec</strong></span> <span class='ocrx_word' id='word_1_167' title='bbox 403 2528 482 2624; x_wconf 89' lang='lat' dir='ltr'><strong>ipsis</strong></span> <span class='ocrx_word' id='word_1_168' title='bbox 512 2529 649 2601; x_wconf 90' lang='lat' dir='ltr'><strong>inimicis</strong></span> <span class='ocrx_word' id='word_1_169' title='bbox 678 2533 728 2612; x_wconf 89' lang='lat' dir='ltr'><strong>vel</strong></span> <span class='ocrx_word' id='word_1_170' title='bbox 753 2533 918 2629; x_wconf 89' lang='lat' dir='ltr'><strong>injuriosis</strong></span> <span class='ocrx_word' id='word_1_171' title='bbox 943 2534 1050 2604; x_wconf 89' lang='lat' dir='ltr'><strong>desint</strong></span> <span class='ocrx_word' id='word_1_172' title='bbox 1070 2534 1172 2629; x_wconf 89' lang='lat' dir='ltr'><strong>ipsius</strong></span> <span class='ocrx_word' id='word_1_173' title='bbox 1194 2533 1277 2602; x_wconf 77' lang='lat' dir='ltr'><strong>bc-&#39;</strong></span> 
     </span>
     <span class='ocr_line' id='line_1_22' title="bbox 249 2639 1252 2744; baseline -0.002 -30"><span class='ocrx_word' id='word_1_174' title='bbox 249 2641 376 2714; x_wconf 86' lang='lat' dir='ltr'><strong>nelicia.</strong></span> <span class='ocrx_word' id='word_1_175' title='bbox 425 2639 477 2711; x_wconf 87' lang='lat' dir='ltr'><strong>De</strong></span> <span class='ocrx_word' id='word_1_176' title='bbox 508 2642 623 2737; x_wconf 90' lang='lat' dir='ltr'><strong>quibus</strong></span> <span class='ocrx_word' id='word_1_177' title='bbox 652 2671 740 2722; x_wconf 88' lang='lat' dir='ltr'><strong>nunc</strong></span> <span class='ocrx_word' id='word_1_178' title='bbox 769 2645 876 2744; x_wconf 88' lang='lat' dir='ltr'><strong>aliqua</strong></span> <span class='ocrx_word' id='word_1_179' title='bbox 904 2646 1106 2742; x_wconf 82' lang='lat' dir='ltr'><strong>proferamus</strong></span> <span class='ocrx_word' id='word_1_180' title='bbox 1127 2655 1174 2735; x_wconf 79' lang='lat'><strong>²):</strong></span> <span class='ocrx_word' id='word_1_181' title='bbox 1214 2643 1252 2712; x_wconf 89' lang='lat' dir='ltr'><strong>si</strong></span> 
     </span>
     <span class='ocr_line' id='line_1_23' title="bbox 251 2753 1250 2833; baseline 0 -7"><span class='ocrx_word' id='word_1_182' title='bbox 251 2753 430 2826; x_wconf 89' lang='lat' dir='ltr'><strong>occurreris</strong></span> <span class='ocrx_word' id='word_1_183' title='bbox 454 2753 529 2833; x_wconf 87' lang='lat' dir='ltr'><strong>bovi</strong></span> <span class='ocrx_word' id='word_1_184' title='bbox 550 2753 671 2825; x_wconf 89' lang='lat' dir='ltr'><strong>inimici</strong></span> <span class='ocrx_word' id='word_1_185' title='bbox 694 2757 741 2826; x_wconf 89' lang='lat' dir='ltr'><strong>tui</strong></span> <span class='ocrx_word' id='word_1_186' title='bbox 764 2775 820 2828; x_wconf 90' lang='lat' dir='ltr'><strong>aut</strong></span> <span class='ocrx_word' id='word_1_187' title='bbox 843 2759 935 2830; x_wconf 89' lang='lat' dir='ltr'><strong>asino</strong></span> <span class='ocrx_word' id='word_1_188' title='bbox 959 2760 1078 2829; x_wconf 90' lang='lat' dir='ltr'><strong>erranti</strong></span> <span class='ocrx_word' id='word_1_189' title='bbox 1093 2758 1194 2829; x_wconf 89' lang='lat' dir='ltr'><strong>reduc</strong></span> <span class='ocrx_word' id='word_1_190' title='bbox 1209 2757 1250 2827; x_wconf 82' lang='lat' dir='ltr'><strong>ei&#39;.</strong></span> 
     </span>
     <span class='ocr_line' id='line_1_24' title="bbox 251 2865 1301 2964; baseline -0.002 -28"><span class='ocrx_word' id='word_1_191' title='bbox 251 2865 290 2936; x_wconf 90' lang='lat' dir='ltr'><strong>Si</strong></span> <span class='ocrx_word' id='word_1_192' title='bbox 312 2865 430 2936; x_wconf 88' lang='lat' dir='ltr'><strong>videris</strong></span> <span class='ocrx_word' id='word_1_193' title='bbox 455 2865 582 2934; x_wconf 90' lang='lat' dir='ltr'><strong>asinum</strong></span> <span class='ocrx_word' id='word_1_194' title='bbox 606 2869 746 2938; x_wconf 89' lang='lat' dir='ltr'><strong>odientis</strong></span> <span class='ocrx_word' id='word_1_195' title='bbox 770 2886 801 2941; x_wconf 88' lang='lat' dir='ltr'><strong>te</strong></span> <span class='ocrx_word' id='word_1_196' title='bbox 822 2875 928 2964; x_wconf 89' lang='lat' dir='ltr'><strong>jacere</strong></span> <span class='ocrx_word' id='word_1_197' title='bbox 952 2872 1013 2941; x_wconf 90' lang='lat' dir='ltr'><strong>sub</strong></span> <span class='ocrx_word' id='word_1_198' title='bbox 1037 2897 1151 2955; x_wconf 89' lang='lat' dir='ltr'><strong>onere,</strong></span> <span class='ocrx_word' id='word_1_199' title='bbox 1179 2895 1249 2940; x_wconf 92' lang='lat' dir='ltr'><strong>non</strong></span> <span class='ocrx_word' id='word_1_200' title='bbox 1297 2917 1301 2934; x_wconf 82' lang='lat'><strong><em>.</em></strong></span> 
     </span>
     <span class='ocr_line' id='line_1_25' title="bbox 250 2977 1249 3079; baseline 0.003 -30"><span class='ocrx_word' id='word_1_201' title='bbox 250 2977 461 3076; x_wconf 85' lang='lat' dir='ltr'><strong>pertransibis</strong></span> <span class='ocrx_word' id='word_1_202' title='bbox 492 2977 552 3079; x_wconf 89' lang='lat' dir='ltr'><strong>sed</strong></span> <span class='ocrx_word' id='word_1_203' title='bbox 579 2980 763 3051; x_wconf 86' lang='lat' dir='ltr'><strong>sublevabis</strong></span> <span class='ocrx_word' id='word_1_204' title='bbox 778 3009 859 3053; x_wconf 82' lang='lat' dir='ltr'><strong>cum</strong></span> <span class='ocrx_word' id='word_1_205' title='bbox 883 3010 933 3054; x_wconf 88' lang='lat' dir='ltr'><strong>eo.</strong></span> <span class='ocrx_word' id='word_1_206' title='bbox 958 2983 1156 3077; x_wconf 67' lang='lat' dir='ltr'><strong>&#39;Peregrino</strong></span> <span class='ocrx_word' id='word_1_207' title='bbox 1179 3010 1249 3052; x_wconf 93' lang='lat' dir='ltr'><strong>mo-</strong></span> 
     </span>
     <span class='ocr_line' id='line_1_26' title="bbox 249 3090 1250 3190; baseline 0.003 -29"><span class='ocrx_word' id='word_1_208' title='bbox 249 3091 352 3161; x_wconf 88' lang='lat' dir='ltr'><strong>lestos</strong></span> <span class='ocrx_word' id='word_1_209' title='bbox 376 3116 445 3160; x_wconf 91' lang='lat' dir='ltr'><strong>non</strong></span> <span class='ocrx_word' id='word_1_210' title='bbox 469 3090 543 3174; x_wconf 89' lang='lat' dir='ltr'><strong>eris,</strong></span> <span class='ocrx_word' id='word_1_211' title='bbox 566 3107 598 3160; x_wconf 90' lang='lat' dir='ltr'><strong>et</strong></span> <span class='ocrx_word' id='word_1_212' title='bbox 618 3092 683 3187; x_wconf 89' lang='lat' dir='ltr'><strong>ipsi</strong></span> <span class='ocrx_word' id='word_1_213' title='bbox 703 3094 865 3189; x_wconf 89' lang='lat' dir='ltr'><strong>peregrini</strong></span> <span class='ocrx_word' id='word_1_214' title='bbox 886 3094 991 3165; x_wconf 81' lang='lat' dir='ltr'><strong>fuistis</strong></span> <span class='ocrx_word' id='word_1_215' title='bbox 1014 3096 1147 3165; x_wconf 89' lang='lat' dir='ltr'><strong>interra</strong></span> <span class='ocrx_word' id='word_1_216' title='bbox 1163 3095 1250 3190; x_wconf 86' lang='lat' dir='ltr'><strong>Egy-</strong></span> 
     </span>
     <span class='ocr_line' id='line_1_27' title="bbox 191 3203 1250 3303; baseline 0.008 -33"><span class='ocrx_word' id='word_1_217' title='bbox 191 3211 193 3216; x_wconf 82' lang='grc'><strong>’</strong></span> <span class='ocrx_word' id='word_1_218' title='bbox 249 3203 307 3301; x_wconf 89' lang='lat' dir='ltr'><strong>pti,</strong></span> <span class='ocrx_word' id='word_1_219' title='bbox 328 3228 395 3272; x_wconf 91' lang='lat' dir='ltr'><strong>non</strong></span> <span class='ocrx_word' id='word_1_220' title='bbox 417 3224 554 3298; x_wconf 84' lang='lat' dir='ltr'><strong>quaeras</strong></span> <span class='ocrx_word' id='word_1_221' title='bbox 573 3203 729 3274; x_wconf 87' lang='lat' dir='ltr'><strong>ultionem</strong></span> <span class='ocrx_word' id='word_1_222' title='bbox 749 3234 811 3276; x_wconf 89' lang='lat' dir='ltr'><strong>nec</strong></span> <span class='ocrx_word' id='word_1_223' title='bbox 829 3235 955 3277; x_wconf 93' lang='lat' dir='ltr'><strong>memor</strong></span> <span class='ocrx_word' id='word_1_224' title='bbox 971 3209 1032 3278; x_wconf 91' lang='lat' dir='ltr'><strong>eris</strong></span> <span class='ocrx_word' id='word_1_225' title='bbox 1052 3208 1186 3303; x_wconf 89' lang='lat' dir='ltr'><strong>injuriae</strong></span> <span class='ocrx_word' id='word_1_226' title='bbox 1206 3208 1250 3278; x_wconf 87' lang='lat' dir='ltr'><strong>ci·</strong></span> 
     </span>
     <span class='ocr_line' id='line_1_28' title="bbox 248 3305 1249 3404; baseline 0.007 -20"><span class='ocrx_word' id='word_1_227' title='bbox 248 3316 336 3384; x_wconf 89' lang='lat' dir='ltr'><strong>vium</strong></span> <span class='ocrx_word' id='word_1_228' title='bbox 365 3329 494 3384; x_wconf 88' lang='lat' dir='ltr'><strong>tuorum</strong></span> <span class='ocrx_word' id='word_1_229' title='bbox 514 3323 557 3404; x_wconf 88' lang='lat'><strong>³).</strong></span> <span class='ocrx_word' id='word_1_230' title='bbox 602 3315 640 3385; x_wconf 86' lang='lat' dir='ltr'><strong>Si</strong></span> <span class='ocrx_word' id='word_1_231' title='bbox 670 3305 861 3389; x_wconf 79' lang='lat' dir='ltr'><strong>habitaverit</strong></span> <span class='ocrx_word' id='word_1_232' title='bbox 885 3322 1012 3391; x_wconf 88' lang='lat' dir='ltr'><strong>advena</strong></span> <span class='ocrx_word' id='word_1_233' title='bbox 1033 3320 1066 3388; x_wconf 93' lang='lat' dir='ltr'><strong>in</strong></span> <span class='ocrx_word' id='word_1_234' title='bbox 1089 3337 1174 3390; x_wconf 88' lang='lat' dir='ltr'><strong>terra</strong></span> <span class='ocrx_word' id='word_1_235' title='bbox 1195 3348 1249 3391; x_wconf 89' lang='lat' dir='ltr'><strong>ve·</strong></span> 
     </span>
     <span class='ocr_line' id='line_1_29' title="bbox 250 3424 1247 3522; baseline 0.006 -26"><span class='ocrx_word' id='word_1_236' title='bbox 250 3443 318 3496; x_wconf 90' lang='lat' dir='ltr'><strong>stra</strong></span> <span class='ocrx_word' id='word_1_237' title='bbox 340 3441 373 3495; x_wconf 94' lang='lat' dir='ltr'><strong>et</strong></span> <span class='ocrx_word' id='word_1_238' title='bbox 394 3442 538 3495; x_wconf 85' lang='lat' dir='ltr'><strong>moratus</strong></span> <span class='ocrx_word' id='word_1_239' title='bbox 561 3424 657 3497; x_wconf 86' lang='lat' dir='ltr'><strong>suerit</strong></span> <span class='ocrx_word' id='word_1_240' title='bbox 678 3428 754 3522; x_wconf 87' lang='lat' dir='ltr'><strong>(lul.</strong></span> <span class='ocrx_word' id='word_1_241' title='bbox 779 3441 830 3507; x_wconf 84' lang='grc'><strong>13.</strong></span> <span class='ocrx_word' id='word_1_242' title='bbox 852 3432 916 3522; x_wconf 88' lang='lat' dir='ltr'><strong>R.)</strong></span> <span class='ocrx_word' id='word_1_243' title='bbox 938 3432 1113 3516; x_wconf 89' lang='lat' dir='ltr'><strong>intervos,</strong></span> <span class='ocrx_word' id='word_1_244' title='bbox 1135 3453 1177 3502; x_wconf 88' lang='lat' dir='ltr'><strong>ne</strong></span> <span class='ocrx_word' id='word_1_245' title='bbox 1195 3461 1247 3502; x_wconf 82' lang='lat' dir='ltr'><strong>ex-</strong></span> 
     </span>
     <span class='ocr_line' id='line_1_30' title="bbox 248 3537 1248 3641; baseline 0.007 -34"><span class='ocrx_word' id='word_1_246' title='bbox 248 3537 393 3634; x_wconf 90' lang='lat' dir='ltr'><strong>probetis</strong></span> <span class='ocrx_word' id='word_1_247' title='bbox 426 3537 456 3607; x_wconf 92' lang='lat' dir='ltr'><strong>ei</strong></span> <span class='ocrx_word' id='word_1_248' title='bbox 484 3537 543 3607; x_wconf 90' lang='lat' dir='ltr'><strong>sed</strong></span> <span class='ocrx_word' id='word_1_249' title='bbox 573 3539 615 3609; x_wconf 90' lang='lat' dir='ltr'><strong>sit</strong></span> <span class='ocrx_word' id='word_1_250' title='bbox 641 3540 804 3613; x_wconf 89' lang='lat' dir='ltr'><strong>intervos</strong></span> <span class='ocrx_word' id='word_1_251' title='bbox 829 3546 921 3641; x_wconf 88' lang='lat' dir='ltr'><strong>quasi</strong></span> <span class='ocrx_word' id='word_1_252' title='bbox 942 3545 1157 3638; x_wconf 77' lang='lat' dir='ltr'><strong>indigena‘et</strong></span> <span class='ocrx_word' id='word_1_253' title='bbox 1178 3545 1248 3614; x_wconf 91' lang='lat' dir='ltr'><strong>dili-</strong></span> 
     </span>
     <span class='ocr_line' id='line_1_31' title="bbox 247 3649 1249 3752; baseline 0.009 -33"><span class='ocrx_word' id='word_1_254' title='bbox 247 3650 331 3746; x_wconf 86' lang='lat' dir='ltr'><strong>getis</strong></span> <span class='ocrx_word' id='word_1_255' title='bbox 363 3676 437 3737; x_wconf 78' lang='lat' dir='ltr'><strong>enm</strong></span> <span class='ocrx_word' id='word_1_256' title='bbox 467 3649 569 3744; x_wconf 76' lang='lat' dir='ltr'><strong>qnasi,</strong></span> <span class='ocrx_word' id='word_1_257' title='bbox 588 3671 715 3726; x_wconf 89' lang='lat' dir='ltr'><strong>vosmet</strong></span> <span class='ocrx_word' id='word_1_258' title='bbox 741 3655 849 3752; x_wconf 88' lang='lat' dir='ltr'><strong>ipsos,</strong></span> <span class='ocrx_word' id='word_1_259' title='bbox 879 3657 985 3730; x_wconf 84' lang='lat' dir='ltr'><strong>fuistis</strong></span> <span class='ocrx_word' id='word_1_260' title='bbox 1014 3657 1101 3730; x_wconf 89' lang='lat' dir='ltr'><strong>enim</strong></span> <span class='ocrx_word' id='word_1_261' title='bbox 1129 3674 1162 3728; x_wconf 88' lang='lat' dir='ltr'><strong>ot</strong></span> <span class='ocrx_word' id='word_1_262' title='bbox 1188 3683 1249 3729; x_wconf 86' lang='lat' dir='ltr'><strong>vos</strong></span> 
     </span>
    </p>
   </div>
   <div class='ocr_carea' id='block_1_4' title="bbox 264 3843 599 4110">
    <p class='ocr_par' dir='ltr' id='par_1_4' title="bbox 264 3843 599 4110">
     <span class='ocr_line' id='line_1_32' title="bbox 264 3843 522 3936; baseline -0.004 -15"><span class='ocrx_word' id='word_1_263' title='bbox 264 3865 300 3936; x_wconf 91' lang='lat' dir='ltr'><strong>l)</strong></span> <span class='ocrx_word' id='word_1_264' title='bbox 318 3864 397 3922; x_wconf 88' lang='lat' dir='ltr'><strong>Dent.</strong></span> <span class='ocrx_word' id='word_1_265' title='bbox 414 3863 455 3931; x_wconf 84' lang='lat' dir='ltr'><strong>X,</strong></span> <span class='ocrx_word' id='word_1_266' title='bbox 473 3843 522 3924; x_wconf 59' lang='lat' dir='ltr'><strong>lu]</strong></span> 
     </span>
     <span class='ocr_line' id='line_1_33' title="bbox 264 3949 599 4022; baseline 0 -14"><span class='ocrx_word' id='word_1_267' title='bbox 264 3950 301 4022; x_wconf 78' lang='grc'><strong>2)</strong></span> <span class='ocrx_word' id='word_1_268' title='bbox 320 3949 403 4006; x_wconf 85' lang='lat' dir='ltr'><strong>Exod.</strong></span> <span class='ocrx_word' id='word_1_269' title='bbox 421 3950 519 4008; x_wconf 79' lang='lat' dir='ltr'><strong>XXlll</strong></span> <span class='ocrx_word' id='word_1_270' title='bbox 597 3959 599 3968; x_wconf 62' lang='lat'>‘</span> 
     </span>
     <span class='ocr_line' id='line_1_34' title="bbox 264 4036 558 4110; baseline 0.01 -15"><span class='ocrx_word' id='word_1_271' title='bbox 264 4037 300 4110; x_wconf 84' lang='lat'><strong>3)</strong></span> <span class='ocrx_word' id='word_1_272' title='bbox 318 4036 406 4095; x_wconf 76' lang='lat' dir='ltr'><strong>Levit</strong></span> <span class='ocrx_word' id='word_1_273' title='bbox 423 4037 498 4110; x_wconf 86' lang='lat' dir='ltr'><strong>XIX,</strong></span> <span class='ocrx_word' id='word_1_274' title='bbox 514 4042 558 4098; x_wconf 75' lang='grc'><strong>33.</strong></span> 
     </span>
    </p>
   </div>
   <div class='ocr_carea' id='block_1_5' title="bbox 0 0 1404 4486">
    <p class='ocr_par' dir='ltr' id='par_1_5' title="bbox 0 0 1404 4486">
     <span class='ocr_line' id='line_1_35' title="bbox 0 0 1404 4486; baseline 0 0"><span class='ocrx_word' id='word_1_275' title='bbox 0 0 1404 4486; x_wconf 95' lang='lat' dir='ltr'><strong> </strong></span> 
     </span>
    </p>
   </div>
   <div class='ocr_carea' id='block_1_6' title="bbox 1397 1518 1400 2263">
    <p class='ocr_par' dir='ltr' id='par_1_6' title="bbox 1397 1518 1400 2263">
     <span class='ocr_line' id='line_1_36' title="bbox 1397 1518 1400 2263; baseline 0 0"><span class='ocrx_word' id='word_1_276' title='bbox 1397 1518 1400 2263; x_wconf 95' lang='lat' dir='ltr'><strong> </strong></span> 
     </span>
    </p>
   </div>
  </div>
 </body>
</html>
