2740 4486
1079 275 1081 280 ·
1101 279 1131 351 o

531 401 652 526 ‘capu
674 441 716 510 v.

133 562 206 632 qut
223 557 286 634 ipse
301 559 406 615 ¹sentiet
423 556 459 614 de
477 558 584 614 unitate
600 574 635 614 ιο
651 558 785 627 trinitate,
802 557 924 616 ostendit
941 565 970 618 et
981 559 1011 616 iti
1022 560 1131 630 tutione

203 665 232 713 et
249 657 426 722 uuetoritutu¹
436 655 568 710 defendit.

219 775 293 846 Huo
309 765 425 840 ¹'ornem
446 773 523 838 fldei
544 794 670 838 summa
693 774 790 860 circe*
803 777 962 840 unitatem
984 797 1022 842 ue
1040 779 1133 842 triui-

135 903 236 956 tutem
258 891 401 960 divinam
425 887 569 953 breviter
590 889 776 970 proposito,
806 887 969 972 reliquum
997 902 1066 968 eet,
1099 902 1136 955 ιιι

136 1005 292 1068 adversus
313 1002 544 1084 inquisitiones
567 999 784 1067 dubitantium
808 1005 961 1088 congruis
981 1001 1135 1074 similitu,-

137 1117 247 1182 dinunr
270 1115 431 1197 exeruplis
454 1136 527 1178 euru
551 1114 765 1180 defendamus
778 1125 810 1178 et
822 1129 1016 1180 ustruernur.
1047 1113 1135 1190 Quid

138 1232 226 1303 eninr
254 1229 296 1293 ud
326 1228 506 1292 doctr-inum
537 1224 628 1310 loqui
657 1225 804 1308 proficit,
837 1230 867 1304 ei
891 1228 976 1312 quod
998 1228 1135 1294 dioirnus
1167 1287 1169 1296 ,

138 1343 260 1424 exponi
284 1363 349 1405 non
372 1351 500 1421 potest,
524 1350 559 1402 ut
581 1323 796 1424 intelligutur.
842 1337 1139 1430 Quod-diligenter

138 1454 255 1520 beatus
278 1454 498 1539 Augustinus,
521 1472 591 1517 curn
615 1450 844 1518 difficillimum
866 1453 959 1518 illurn
981 1453 1022 1518 de
1045 1455 1137 1520 trini·

139 1581 208 1632 tute
229 1566 338 1631 locum
360 1586 526 1648 exponere
548 1563 663 1644 vellet,
687 1588 750 1648 qun
766 1567 1138 1654 Evangelisthounuee

142 1702 282 1746 exorsus
315 1692 366 1744 est
396 1680 527 1742 dicens:
562 1675 601 1740 ln
632 1680 791 1762 principio
814 1695 877 1744 ete.
907 1679 990 1760 hoo,
1020 1683 1138 1765 iuquit,

140 1793 294 1860 animalis
317 1793 414 1864 homo
437 1813 502 1857 nou
524 1794 672 1874 percipit.
719 1793 807 1868 Quid
822 1817 914 1880 ergo,
936 1795 1069 1874 fratres,
1091 1798 1138 1861 ei·

140 1906 280 1974 lebitnus
306 1905 388 1970 honi
434 1903 544 1982 Quare
566 1906 730 1986 scribitur,
756 1909 786 1971 si
806 1907 936 1988 siletur,
959 1921 1015 1974 unt
1037 1930 1137 1994 quero
1192 1891 1194 1904 ’

141 2024 282 2100 auditur,
306 2024 334 2084 si
358 2043 425 2086 non
448 2007 642 2102 exponitur?
666 2020 725 2087 sed
749 2032 784 2088 ιιι
806 2021 881 2106 quid
902 2023 1087 2104 exponitur,
1102 2023 1140 2087 si

142 2157 208 2202 nun
230 2135 447 2220 intelligituri
499 2137 642 2202 Primum
672 2157 750 2222 ergo
788 2138 883 2204 nobis
913 2134 1140 2213 disserendum

143 2251 304 2326 occurrit,
334 2248 408 2332 quid
436 2249 499 2315 sibi
530 2247 610 2317 velit
639 2250 706 2314 iste
735 2269 948 2332 personarum
970 2247 1139 2326 diseretio,

133 2362 198 2434 ,vel
226 2364 394 2428 distinctio
427 2367 462 2428 in
491 2385 556 2435 unu
587 2375 704 2428 notura
731 2364 933 2442 divinitatis,
966 2374 1002 2426 ιιι
1024 2363 1141 2428 eedem

142 2480 188 2541 sit
209 2491 313 2560 puter,
337 2468 453 2542 isdem
474 2477 584 2557 filius,
608 2479 724 2544 eudem
745 2480 877 2560 spiritus
899 2489 1044 2554 sanctus,
1067 2497 1141 2542 eunt

142 2612 301 2656 summunt
325 2592 444 2668 bonum
468 2603 500 2656 et
521 2592 555 2655 iu
578 2591 728 2656 omnibu·
758 2589 821 2655 huo
851 2591 1061 2656 distinetione
1082 2591 1141 2652 tri·

143 2705 255 2768 nitatis
277 2704 513 2791 intelligamus.
557 2704 668 2768 Putris
698 2725 836 2788 nutuque
858 2707 989 2769 nurnine
1010 2704 1141 2768 divinoe
1205 2699 1207 2703 ’

101 2835 102 2842 ’
143 2819 328 2900 mejestatis
350 2806 497 2900 potentia
519 2817 725 2903 designetur,
754 2817 840 2900 quod
870 2816 1025 2901 quidquid
1047 2814 1140 2894 velit,

42 2989 45 2999 ,
145 2928 278 2993 efficere
313 2932 428 3012 possit.
493 2927 589 2994 Unde
633 2932 668 2994 in
707 2929 890 3020 enchiridio
926 2928 1140 3014 Augustinus.

144 3037 262 3125 Neque
283 3045 371 3106 enirn
394 3044 556 3106 veraciter
578 3050 714 3106 voeu‘tur
725 3043 944 3123 omnipotens,
967 3043 1031 3106 nisi
1046 3061 1142 3122 qutun

145 3154 298 3237 quidquid
333 3155 402 3220 vult
435 3169 560 3238 potest;
600 3155 760 3220 Identin
795 3155 881 3220 libro
911 3155 951 3218 de
971 3154 1087 3235 spiritu
1104 3164 1143 3216 et

145 3264 260 3333 litero:
294 3289 360 3334 uon
389 3284 498 3351 potest
519 3270 631 3335 facere
651 3272 795 3354 injusta,
826 3268 906 3352 quiu
921 3268 994 3350 ipse
1017 3287 1143 3332 summo

139 3381 273 3466 justitie
308 3393 340 3444 et
373 3381 503 3453 bonitus
538 3395 600 3452 est.
645 3380 862 3464 Omnipotens
889 3400 974 3448 ⁴veru
1004 3392 1143 3450 estnon

145 3489 232 3573 quod
254 3496 358 3572 possit
381 3497 492 3560 ornniu
519 3495 651 3574 fucere,
681 3495 743 3560 tre'd
770 3495 846 3579 quio
868 3491 1142 3576 potesteifteere,

146 3604 303 3690 quidquid
319 3607 414 3672 'volu'
450 3606 526 3677 Hoo
551 3621 601 3672 ert
627 3610 674 3673 ita
706 3611 741 3671 iu
770 3619 934 3689 potestate
960 3607 1035 3688 ¹,ejus
1065 3615 1143 3670 suut

132 3720 257 3784 omnia
276 3722 397 3800 posite,
421 3720 507 3806 quod
529 3721 569 3786 de
589 3718 751 3799 omnibus,
774 3717 1033 3803 quaeipsevult,
1055 3717 1143 3782 ordi·

147 3852 248 3911 uere,
283 3833 340 3901 vel
363 3834 494 3914 tacere,
533 3857 599 3902 non
621 3847 674 3902 est
694 3833 835 3918 uliquis,
869 3833 923 3917 qui
944 3830 1144 3916 possitejutt

112 3975 118 3982 .
145 3942 348 4013 voluntatem
369 3949 539 4035 impedire.
584 3948 676 4014 Sient
700 3957 814 4016 'eutem
849 3944 952 4030 petris
980 3939 1141 4010 vocabule
