<?xml version="1.0" encoding="UTF-8"?>
<!DOCTYPE html PUBLIC "-//W3C//DTD XHTML 1.0 Transitional//EN"
    "http://www.w3.org/TR/xhtml1/DTD/xhtml1-transitional.dtd">
<html xmlns="http://www.w3.org/1999/xhtml" xml:lang="en" lang="en">
 <head>
  <title>
</title>
<meta http-equiv="Content-Type" content="text/html;charset=utf-8" />
  <meta name='ocr-system' content='tesseract 3.04.00' />
  <meta name='ocr-capabilities' content='ocr_page ocr_carea ocr_par ocr_line ocrx_word'/>
</head>
<body>
  <div class='ocr_page' id='page_1' title='image "./dialogusinterph00abelgoog_0051.png"; bbox 0 0 2798 4486; ppageno 0'>
   <div class='ocr_carea' id='block_1_1' title="bbox 973 203 1211 328">
    <p class='ocr_par' dir='ltr' id='par_1_1' title="bbox 973 203 1211 328">
     <span class='ocr_line' id='line_1_1' title="bbox 973 203 1211 328; baseline 0 0"><span class='ocrx_word' id='word_1_1' title='bbox 973 289 1001 321; x_wconf 60' lang='lat'>-,</span> <span class='ocrx_word' id='word_1_2' title='bbox 1057 203 1127 328; x_wconf 76' lang='lat' dir='ltr'>as</span> <span class='ocrx_word' id='word_1_3' title='bbox 1208 203 1211 211; x_wconf 57' lang='grc'>’</span> 
     </span>
    </p>
   </div>
   <div class='ocr_carea' id='block_1_2' title="bbox 1 413 1196 3758">
    <p class='ocr_par' dir='ltr' id='par_1_2' title="bbox 1 413 1196 3758">
     <span class='ocr_line' id='line_1_2' title="bbox 120 413 1123 519; baseline 0.005 -31"><span class='ocrx_word' id='word_1_4' title='bbox 120 415 300 519; x_wconf 84' lang='lat' dir='ltr'>habitando</span> <span class='ocrx_word' id='word_1_5' title='bbox 317 439 385 490; x_wconf 87' lang='lat' dir='ltr'>non</span> <span class='ocrx_word' id='word_1_6' title='bbox 402 413 601 496; x_wconf 86' lang='lat' dir='ltr'>transeundo</span> <span class='ocrx_word' id='word_1_7' title='bbox 617 414 841 512; x_wconf 85' lang='lat' dir='ltr'>peregrinatur</span> <span class='ocrx_word' id='word_1_8' title='bbox 859 413 959 504; x_wconf 86' lang='lat' dir='ltr'>(sicut</span> <span class='ocrx_word' id='word_1_9' title='bbox 975 443 1023 516; x_wconf 78' lang='lat' dir='ltr'>ea,</span> <span class='ocrx_word' id='word_1_10' title='bbox 1040 449 1123 518; x_wconf 83' lang='lat' dir='ltr'>qnae</span> 
     </span>
     <span class='ocr_line' id='line_1_3' title="bbox 120 528 1121 624; baseline 0.009 -25"><span class='ocrx_word' id='word_1_11' title='bbox 120 529 167 600; x_wconf 89' lang='lat' dir='ltr'>ibi</span> <span class='ocrx_word' id='word_1_12' title='bbox 195 529 341 624; x_wconf 82' lang='lat' dir='ltr'>proxima</span> <span class='ocrx_word' id='word_1_13' title='bbox 369 528 637 623; x_wconf 84' lang='lat' dir='ltr'>praemittuntur,</span> <span class='ocrx_word' id='word_1_14' title='bbox 663 528 879 618; x_wconf 74' lang='lat' dir='ltr'>insinua(n)t)</span> <span class='ocrx_word' id='word_1_15' title='bbox 909 535 1121 608; x_wconf 89' lang='lat' dir='ltr'>amorticino</span> 
     </span>
     <span class='ocr_line' id='line_1_4' title="bbox 31 639 1121 742; baseline 0.009 -35"><span class='ocrx_word' id='word_1_16' title='bbox 31 701 37 707; x_wconf 72' lang='grc'>,</span> <span class='ocrx_word' id='word_1_17' title='bbox 122 641 344 725; x_wconf 88' lang='lat' dir='ltr'>comedendo,</span> <span class='ocrx_word' id='word_1_18' title='bbox 373 642 457 711; x_wconf 86' lang='lat' dir='ltr'>sicut</span> <span class='ocrx_word' id='word_1_19' title='bbox 478 666 537 709; x_wconf 85' lang='lat' dir='ltr'>vos</span> <span class='ocrx_word' id='word_1_20' title='bbox 560 639 714 724; x_wconf 76' lang='lat' dir='ltr'>inhibuit,</span> <span class='ocrx_word' id='word_1_21' title='bbox 745 641 875 710; x_wconf 86' lang='lat' dir='ltr'>dicens:</span> <span class='ocrx_word' id='word_1_22' title='bbox 904 645 1013 714; x_wconf 88' lang='lat' dir='ltr'>anima</span> <span class='ocrx_word' id='word_1_23' title='bbox 1036 672 1121 742; x_wconf 85' lang='lat' dir='ltr'>quae</span> 
     </span>
     <span class='ocr_line' id='line_1_5' title="bbox 121 751 1119 846; baseline 0.004 -22"><span class='ocrx_word' id='word_1_24' title='bbox 121 753 300 824; x_wconf 91' lang='lat' dir='ltr'>comederit</span> <span class='ocrx_word' id='word_1_25' title='bbox 322 751 527 837; x_wconf 76' lang='lat' dir='ltr'>morticinum</span> <span class='ocrx_word' id='word_1_26' title='bbox 549 751 599 822; x_wconf 88' lang='lat' dir='ltr'>vel</span> <span class='ocrx_word' id='word_1_27' title='bbox 619 769 749 846; x_wconf 88' lang='lat' dir='ltr'>captum</span> <span class='ocrx_word' id='word_1_28' title='bbox 768 777 787 822; x_wconf 88' lang='lat' dir='ltr'>a</span> <span class='ocrx_word' id='word_1_29' title='bbox 804 754 908 824; x_wconf 86' lang='lat' dir='ltr'>bestia</span> <span class='ocrx_word' id='word_1_30' title='bbox 927 771 994 824; x_wconf 88' lang='lat' dir='ltr'>tam</span> <span class='ocrx_word' id='word_1_31' title='bbox 1013 756 1053 827; x_wconf 93' lang='lat' dir='ltr'>de</span> <span class='ocrx_word' id='word_1_32' title='bbox 1070 759 1119 829; x_wconf 91' lang='lat' dir='ltr'>in·</span> 
     </span>
     <span class='ocr_line' id='line_1_6' title="bbox 121 863 1118 960; baseline 0.004 -24"><span class='ocrx_word' id='word_1_33' title='bbox 121 866 247 960; x_wconf 87' lang='lat' dir='ltr'>digenis</span> <span class='ocrx_word' id='word_1_34' title='bbox 263 882 360 960; x_wconf 90' lang='lat' dir='ltr'>quam</span> <span class='ocrx_word' id='word_1_35' title='bbox 375 880 406 934; x_wconf 86' lang='lat' dir='ltr'>et</span> <span class='ocrx_word' id='word_1_36' title='bbox 423 864 462 933; x_wconf 89' lang='lat' dir='ltr'>de</span> <span class='ocrx_word' id='word_1_37' title='bbox 477 863 611 932; x_wconf 87' lang='lat' dir='ltr'>advenis</span> <span class='ocrx_word' id='word_1_38' title='bbox 625 863 744 934; x_wconf 80' lang='lat' dir='ltr'>lavabit</span> <span class='ocrx_word' id='word_1_39' title='bbox 757 865 948 936; x_wconf 86' lang='lat' dir='ltr'>vestimenta</span> <span class='ocrx_word' id='word_1_40' title='bbox 959 894 1020 937; x_wconf 86' lang='lat' dir='ltr'>sna</span> <span class='ocrx_word' id='word_1_41' title='bbox 1038 885 1118 941; x_wconf 87' lang='lat' dir='ltr'>etse</span> 
     </span>
     <span class='ocr_line' id='line_1_7' title="bbox 119 975 1119 1076; baseline 0.002 -26"><span class='ocrx_word' id='word_1_42' title='bbox 119 980 227 1074; x_wconf 90' lang='lat' dir='ltr'>ipsum</span> <span class='ocrx_word' id='word_1_43' title='bbox 243 1001 328 1073; x_wconf 85' lang='lat' dir='ltr'>aqua</span> <span class='ocrx_word' id='word_1_44' title='bbox 352 993 383 1046; x_wconf 88' lang='lat' dir='ltr'>et</span> <span class='ocrx_word' id='word_1_45' title='bbox 401 975 727 1064; x_wconf 88' lang='lat' dir='ltr'>cer(con)taminatus</span> <span class='ocrx_word' id='word_1_46' title='bbox 747 979 806 1045; x_wconf 86' lang='lat' dir='ltr'>erit</span> <span class='ocrx_word' id='word_1_47' title='bbox 823 1003 925 1075; x_wconf 87' lang='lat' dir='ltr'>nsque</span> <span class='ocrx_word' id='word_1_48' title='bbox 945 981 987 1050; x_wconf 91' lang='lat' dir='ltr'>ad</span> <span class='ocrx_word' id='word_1_49' title='bbox 1006 1009 1119 1076; x_wconf 88' lang='lat' dir='ltr'>vespe·</span> 
     </span>
     <span class='ocr_line' id='line_1_8' title="bbox 118 1085 1119 1189; baseline 0.004 -29"><span class='ocrx_word' id='word_1_50' title='bbox 118 1119 189 1160; x_wconf 90' lang='lat' dir='ltr'>rum</span> <span class='ocrx_word' id='word_1_51' title='bbox 214 1106 247 1189; x_wconf 81' lang='lat' dir='ltr'>et</span> <span class='ocrx_word' id='word_1_52' title='bbox 269 1091 332 1158; x_wconf 89' lang='lat' dir='ltr'>hoe</span> <span class='ocrx_word' id='word_1_53' title='bbox 355 1087 468 1158; x_wconf 82' lang='lat' dir='ltr'>ordine</span> <span class='ocrx_word' id='word_1_54' title='bbox 492 1089 633 1158; x_wconf 89' lang='lat' dir='ltr'>mundus</span> <span class='ocrx_word' id='word_1_55' title='bbox 659 1090 723 1158; x_wconf 85' lang='lat' dir='ltr'>liet.</span> <span class='ocrx_word' id='word_1_56' title='bbox 768 1085 870 1178; x_wconf 85' lang='lat' dir='ltr'>Quod</span> <span class='ocrx_word' id='word_1_57' title='bbox 894 1091 1010 1162; x_wconf 89' lang='lat' dir='ltr'>sinon</span> <span class='ocrx_word' id='word_1_58' title='bbox 1033 1093 1119 1164; x_wconf 88' lang='lat' dir='ltr'>lave·</span> 
     </span>
     <span class='ocr_line' id='line_1_9' title="bbox 118 1200 1120 1298; baseline 0.004 -26"><span class='ocrx_word' id='word_1_59' title='bbox 118 1204 159 1272; x_wconf 83' lang='lat' dir='ltr'>rit</span> <span class='ocrx_word' id='word_1_60' title='bbox 185 1201 268 1291; x_wconf 81' lang='lat' dir='ltr'>(fol.</span> <span class='ocrx_word' id='word_1_61' title='bbox 293 1209 345 1274; x_wconf 79' lang='lat'>15.</span> <span class='ocrx_word' id='word_1_62' title='bbox 366 1200 431 1289; x_wconf 85' lang='lat' dir='ltr'>R.)</span> <span class='ocrx_word' id='word_1_63' title='bbox 460 1202 653 1272; x_wconf 87' lang='lat' dir='ltr'>vestimenta</span> <span class='ocrx_word' id='word_1_64' title='bbox 682 1225 742 1270; x_wconf 87' lang='lat' dir='ltr'>sua</span> <span class='ocrx_word' id='word_1_65' title='bbox 771 1217 803 1270; x_wconf 87' lang='lat' dir='ltr'>et</span> <span class='ocrx_word' id='word_1_66' title='bbox 831 1228 949 1298; x_wconf 90' lang='lat' dir='ltr'>corpus</span> <span class='ocrx_word' id='word_1_67' title='bbox 977 1206 1120 1298; x_wconf 88' lang='lat' dir='ltr'>portabit</span> 
     </span>
     <span class='ocr_line' id='line_1_10' title="bbox 116 1311 1120 1416; baseline 0.004 -32"><span class='ocrx_word' id='word_1_68' title='bbox 116 1315 319 1410; x_wconf 88' lang='lat' dir='ltr'>iniquitatem</span> <span class='ocrx_word' id='word_1_69' title='bbox 343 1337 445 1382; x_wconf 88' lang='lat' dir='ltr'>suam.</span> <span class='ocrx_word' id='word_1_70' title='bbox 491 1311 601 1402; x_wconf 85' lang='lat' dir='ltr'><strong>Quem</strong></span> <span class='ocrx_word' id='word_1_71' title='bbox 624 1339 701 1416; x_wconf 66' lang='lat' dir='ltr'>vgro</span> <span class='ocrx_word' id='word_1_72' title='bbox 726 1338 790 1382; x_wconf 89' lang='lat' dir='ltr'>nno</span> <span class='ocrx_word' id='word_1_73' title='bbox 814 1311 889 1382; x_wconf 90' lang='lat' dir='ltr'>loco</span> <span class='ocrx_word' id='word_1_74' title='bbox 913 1317 1120 1409; x_wconf 88' lang='lat' dir='ltr'>peregrinum</span> 
     </span>
     <span class='ocr_line' id='line_1_11' title="bbox 119 1423 1116 1520; baseline 0.002 -23"><span class='ocrx_word' id='word_1_75' title='bbox 119 1443 151 1497; x_wconf 87' lang='lat' dir='ltr'>et</span> <span class='ocrx_word' id='word_1_76' title='bbox 179 1425 338 1495; x_wconf 90' lang='lat' dir='ltr'>advenam</span> <span class='ocrx_word' id='word_1_77' title='bbox 366 1423 445 1494; x_wconf 89' lang='lat' dir='ltr'>dicit</span> <span class='ocrx_word' id='word_1_78' title='bbox 468 1424 664 1520; x_wconf 87' lang='lat' dir='ltr'>quandoque</span> <span class='ocrx_word' id='word_1_79' title='bbox 694 1423 769 1492; x_wconf 87' lang='lat' dir='ltr'>alibi</span> <span class='ocrx_word' id='word_1_80' title='bbox 794 1426 939 1496; x_wconf 87' lang='lat' dir='ltr'>nominat</span> <span class='ocrx_word' id='word_1_81' title='bbox 957 1428 1116 1517; x_wconf 39' lang='lat' dir='ltr'>,aliennm3</span> 
     </span>
     <span class='ocr_line' id='line_1_12' title="bbox 115 1522 1117 1630; baseline 0.004 -23"><span class='ocrx_word' id='word_1_82' title='bbox 115 1537 214 1612; x_wconf 80' lang='lat' dir='ltr'>veluti</span> <span class='ocrx_word' id='word_1_83' title='bbox 243 1565 317 1606; x_wconf 89' lang='lat' dir='ltr'>cum</span> <span class='ocrx_word' id='word_1_84' title='bbox 349 1537 463 1606; x_wconf 88' lang='lat' dir='ltr'>dicitur</span> <span class='ocrx_word' id='word_1_85' title='bbox 488 1545 535 1630; x_wconf 15' lang='lat' dir='ltr'><strong>¹)v:</strong></span> <span class='ocrx_word' id='word_1_86' title='bbox 580 1535 657 1608; x_wconf 89' lang='lat' dir='ltr'>Non</span> <span class='ocrx_word' id='word_1_87' title='bbox 681 1536 844 1606; x_wconf 82' lang='lat' dir='ltr'>fenerabis</span> <span class='ocrx_word' id='word_1_88' title='bbox 874 1522 964 1608; x_wconf 81' lang='lat' dir='ltr'>fratri</span> <span class='ocrx_word' id='word_1_89' title='bbox 986 1542 1117 1611; x_wconf 84' lang='lat' dir='ltr'>tuo.ad</span> 
     </span>
     <span class='ocr_line' id='line_1_13' title="bbox 113 1649 1117 1744; baseline 0.006 -24"><span class='ocrx_word' id='word_1_90' title='bbox 113 1675 248 1720; x_wconf 90' lang='lat' dir='ltr'>usuram</span> <span class='ocrx_word' id='word_1_91' title='bbox 278 1650 471 1744; x_wconf 86' lang='lat' dir='ltr'>pecuniam,</span> <span class='ocrx_word' id='word_1_92' title='bbox 499 1676 561 1736; x_wconf 81' lang='lat' dir='ltr'>nec</span> <span class='ocrx_word' id='word_1_93' title='bbox 588 1649 698 1743; x_wconf 84' lang='lat' dir='ltr'>fruges</span> <span class='ocrx_word' id='word_1_94' title='bbox 727 1673 789 1716; x_wconf 88' lang='lat' dir='ltr'>nec</span> <span class='ocrx_word' id='word_1_95' title='bbox 820 1649 995 1743; x_wconf 85' lang='lat' dir='ltr'>quamlibet</span> <span class='ocrx_word' id='word_1_96' title='bbox 1020 1652 1117 1726; x_wconf 87' lang='lat' dir='ltr'>aliam</span> 
     </span>
     <span class='ocr_line' id='line_1_14' title="bbox 114 1759 1116 1862; baseline 0.002 -29"><span class='ocrx_word' id='word_1_97' title='bbox 114 1789 185 1833; x_wconf 89' lang='lat' dir='ltr'>rem</span> <span class='ocrx_word' id='word_1_98' title='bbox 215 1761 275 1832; x_wconf 88' lang='lat' dir='ltr'>sed</span> <span class='ocrx_word' id='word_1_99' title='bbox 303 1763 422 1836; x_wconf 86' lang='lat' dir='ltr'>alieno.</span> <span class='ocrx_word' id='word_1_100' title='bbox 465 1759 518 1830; x_wconf 86' lang='lat' dir='ltr'>De</span> <span class='ocrx_word' id='word_1_101' title='bbox 547 1761 597 1830; x_wconf 90' lang='lat' dir='ltr'>bis</span> <span class='ocrx_word' id='word_1_102' title='bbox 627 1777 736 1833; x_wconf 87' lang='lat' dir='ltr'>autem</span> <span class='ocrx_word' id='word_1_103' title='bbox 764 1760 914 1845; x_wconf 87' lang='lat' dir='ltr'>advenis,</span> <span class='ocrx_word' id='word_1_104' title='bbox 936 1763 999 1862; x_wconf 86' lang='lat' dir='ltr'>¹qui</span> <span class='ocrx_word' id='word_1_105' title='bbox 1024 1793 1116 1858; x_wconf 90' lang='lat' dir='ltr'>pere·</span> 
     </span>
     <span class='ocr_line' id='line_1_15' title="bbox 116 1872 1117 1968; baseline 0.006 -26"><span class='ocrx_word' id='word_1_106' title='bbox 116 1875 284 1968; x_wconf 90' lang='lat' dir='ltr'>grinantnr</span> <span class='ocrx_word' id='word_1_107' title='bbox 317 1875 401 1944; x_wconf 89' lang='lat' dir='ltr'>iuter</span> <span class='ocrx_word' id='word_1_108' title='bbox 435 1899 494 1943; x_wconf 89' lang='lat' dir='ltr'>vos</span> <span class='ocrx_word' id='word_1_109' title='bbox 528 1898 596 1942; x_wconf 91' lang='lat' dir='ltr'>non</span> <span class='ocrx_word' id='word_1_110' title='bbox 631 1897 690 1942; x_wconf 86' lang='lat' dir='ltr'>vos</span> <span class='ocrx_word' id='word_1_111' title='bbox 724 1872 807 1940; x_wconf 89' lang='lat' dir='ltr'>inter</span> <span class='ocrx_word' id='word_1_112' title='bbox 837 1875 1011 1958; x_wconf 37' lang='lat' dir='ltr'>eos,.alio</span> <span class='ocrx_word' id='word_1_113' title='bbox 1042 1877 1117 1948; x_wconf 90' lang='lat' dir='ltr'>loco</span> 
     </span>
     <span class='ocr_line' id='line_1_16' title="bbox 114 1983 1123 2080; baseline 0.004 -26"><span class='ocrx_word' id='word_1_114' title='bbox 114 1986 270 2080; x_wconf 89' lang='lat' dir='ltr'>scripturn</span> <span class='ocrx_word' id='word_1_115' title='bbox 293 2002 343 2057; x_wconf 89' lang='lat' dir='ltr'>est</span> <span class='ocrx_word' id='word_1_116' title='bbox 357 2013 439 2060; x_wconf 92' lang='lat' dir='ltr'>cnm</span> <span class='ocrx_word' id='word_1_117' title='bbox 463 1983 579 2053; x_wconf 89' lang='lat' dir='ltr'>dicitnr</span> <span class='ocrx_word' id='word_1_118' title='bbox 597 1993 649 2071; x_wconf 63' lang='grc' dir='ltr'>2)ι</span> <span class='ocrx_word' id='word_1_119' title='bbox 672 1983 772 2053; x_wconf 89' lang='lat' dir='ltr'>homo</span> <span class='ocrx_word' id='word_1_120' title='bbox 797 1983 929 2079; x_wconf 89' lang='lat' dir='ltr'>quilibet</span> <span class='ocrx_word' id='word_1_121' title='bbox 953 1985 993 2054; x_wconf 90' lang='lat' dir='ltr'>de</span> <span class='ocrx_word' id='word_1_122' title='bbox 1016 1988 1123 2058; x_wconf 78' lang='lat' dir='ltr'>domo&#39;</span> 
     </span>
     <span class='ocr_line' id='line_1_17' title="bbox 100 2094 1117 2192; baseline 0.004 -26"><span class='ocrx_word' id='word_1_123' title='bbox 100 2095 216 2166; x_wconf 86' lang='lat' dir='ltr'>¹Israel</span> <span class='ocrx_word' id='word_1_124' title='bbox 243 2097 337 2167; x_wconf 85' lang='lat' dir='ltr'>etde</span> <span class='ocrx_word' id='word_1_125' title='bbox 361 2097 494 2167; x_wconf 86' lang='lat' dir='ltr'>advenis</span> <span class='ocrx_word' id='word_1_126' title='bbox 525 2096 578 2192; x_wconf 89' lang='lat' dir='ltr'>qui</span> <span class='ocrx_word' id='word_1_127' title='bbox 601 2094 848 2190; x_wconf 83' lang='lat' dir='ltr'>peregrinantur</span> <span class='ocrx_word' id='word_1_128' title='bbox 876 2097 1058 2183; x_wconf 85' lang='lat' dir='ltr'>intervos,</span> <span class='ocrx_word' id='word_1_129' title='bbox 1088 2101 1117 2170; x_wconf 88' lang='lat' dir='ltr'>si</span> 
     </span>
     <span class='ocr_line' id='line_1_18' title="bbox 113 2204 1196 2304; baseline 0.003 -25"><span class='ocrx_word' id='word_1_130' title='bbox 113 2209 293 2280; x_wconf 83' lang='lat' dir='ltr'>comederit</span> <span class='ocrx_word' id='word_1_131' title='bbox 316 2209 509 2304; x_wconf 84' lang='lat' dir='ltr'>sangninem</span> <span class='ocrx_word' id='word_1_132' title='bbox 533 2208 711 2278; x_wconf 87' lang='lat' dir='ltr'>obfirmabo</span> <span class='ocrx_word' id='word_1_133' title='bbox 736 2206 851 2276; x_wconf 82' lang='lat' dir='ltr'>faciem</span> <span class='ocrx_word' id='word_1_134' title='bbox 874 2232 981 2276; x_wconf 92' lang='lat' dir='ltr'>meam</span> <span class='ocrx_word' id='word_1_135' title='bbox 1004 2228 1117 2282; x_wconf 86' lang='lat' dir='ltr'>contra</span> <span class='ocrx_word' id='word_1_136' title='bbox 1155 2204 1157 2209; x_wconf 30' lang='lat'><strong>³</strong></span> <span class='ocrx_word' id='word_1_137' title='bbox 1193 2207 1196 2216; x_wconf 71' lang='lat'>&#39;</span> 
     </span>
     <span class='ocr_line' id='line_1_19' title="bbox 112 2318 1115 2415; baseline 0.003 -23"><span class='ocrx_word' id='word_1_138' title='bbox 112 2321 256 2392; x_wconf 89' lang='lat' dir='ltr'>animam</span> <span class='ocrx_word' id='word_1_139' title='bbox 291 2321 392 2405; x_wconf 90' lang='lat' dir='ltr'>illius,</span> <span class='ocrx_word' id='word_1_140' title='bbox 429 2336 461 2390; x_wconf 86' lang='lat' dir='ltr'>et</span> <span class='ocrx_word' id='word_1_141' title='bbox 496 2320 680 2415; x_wconf 83' lang='lat' dir='ltr'>dispergam</span> <span class='ocrx_word' id='word_1_142' title='bbox 716 2347 789 2389; x_wconf 89' lang='lat' dir='ltr'>eum</span> <span class='ocrx_word' id='word_1_143' title='bbox 820 2318 860 2388; x_wconf 88' lang='lat' dir='ltr'>de</span> <span class='ocrx_word' id='word_1_144' title='bbox 889 2320 1012 2414; x_wconf 94' lang='lat' dir='ltr'>populo</span> <span class='ocrx_word' id='word_1_145' title='bbox 1043 2349 1115 2400; x_wconf 91' lang='lat' dir='ltr'>suo.</span> 
     </span>
     <span class='ocr_line' id='line_1_20' title="bbox 110 2431 1115 2528; baseline 0.001 -23"><span class='ocrx_word' id='word_1_146' title='bbox 110 2432 214 2505; x_wconf 88' lang='lat' dir='ltr'>Nullo</span> <span class='ocrx_word' id='word_1_147' title='bbox 243 2433 361 2528; x_wconf 89' lang='lat' dir='ltr'>quippe</span> <span class='ocrx_word' id='word_1_148' title='bbox 391 2432 471 2526; x_wconf 87' lang='lat' dir='ltr'>legis</span> <span class='ocrx_word' id='word_1_149' title='bbox 499 2449 674 2528; x_wconf 87' lang='lat' dir='ltr'>praecepto</span> <span class='ocrx_word' id='word_1_150' title='bbox 704 2432 803 2501; x_wconf 89' lang='lat' dir='ltr'>alium</span> <span class='ocrx_word' id='word_1_151' title='bbox 833 2431 992 2501; x_wconf 90' lang='lat' dir='ltr'>advenam</span> <span class='ocrx_word' id='word_1_152' title='bbox 1026 2461 1115 2506; x_wconf 89' lang='lat' dir='ltr'>com-</span> 
     </span>
     <span class='ocr_line' id='line_1_21' title="bbox 55 2543 1114 2642; baseline 0.002 -26"><span class='ocrx_word' id='word_1_153' title='bbox 55 2565 60 2573; x_wconf 91' lang='lat'>&#39;</span> <span class='ocrx_word' id='word_1_154' title='bbox 110 2546 325 2642; x_wconf 89' lang='lat' dir='ltr'>prehenderis</span> <span class='ocrx_word' id='word_1_155' title='bbox 353 2545 417 2614; x_wconf 89' lang='lat' dir='ltr'>nisi</span> <span class='ocrx_word' id='word_1_156' title='bbox 447 2545 500 2642; x_wconf 92' lang='lat' dir='ltr'>qui</span> <span class='ocrx_word' id='word_1_157' title='bbox 530 2544 618 2640; x_wconf 90' lang='lat' dir='ltr'>apud</span> <span class='ocrx_word' id='word_1_158' title='bbox 644 2569 704 2619; x_wconf 85' lang='lat' dir='ltr'>¹vos</span> <span class='ocrx_word' id='word_1_159' title='bbox 736 2543 873 2624; x_wconf 83' lang='lat' dir='ltr'>habitat,</span> <span class='ocrx_word' id='word_1_160' title='bbox 902 2567 942 2612; x_wconf 89' lang='lat' dir='ltr'>ac</span> <span class='ocrx_word' id='word_1_161' title='bbox 970 2571 1030 2638; x_wconf 90' lang='lat' dir='ltr'>per</span> <span class='ocrx_word' id='word_1_162' title='bbox 1051 2547 1114 2618; x_wconf 88' lang='lat' dir='ltr'>hoc</span> 
     </span>
     <span class='ocr_line' id='line_1_22' title="bbox 111 2653 1116 2752; baseline 0.002 -24"><span class='ocrx_word' id='word_1_163' title='bbox 111 2659 263 2752; x_wconf 84' lang='lat' dir='ltr'>subjacet</span> <span class='ocrx_word' id='word_1_164' title='bbox 284 2675 392 2727; x_wconf 87' lang='lat' dir='ltr'>vestro</span> <span class='ocrx_word' id='word_1_165' title='bbox 417 2655 560 2727; x_wconf 89' lang='lat' dir='ltr'>dominio</span> <span class='ocrx_word' id='word_1_166' title='bbox 586 2672 617 2726; x_wconf 92' lang='lat' dir='ltr'>et</span> <span class='ocrx_word' id='word_1_167' title='bbox 641 2654 839 2749; x_wconf 85' lang='lat' dir='ltr'>disciplinae.</span> <span class='ocrx_word' id='word_1_168' title='bbox 885 2653 982 2724; x_wconf 91' lang='lat' dir='ltr'>Unde</span> <span class='ocrx_word' id='word_1_169' title='bbox 1007 2658 1116 2730; x_wconf 87' lang='lat' dir='ltr'>divina</span> 
     </span>
     <span class='ocr_line' id='line_1_23' title="bbox 109 2761 1114 2865; baseline -0.002 -25"><span class='ocrx_word' id='word_1_170' title='bbox 109 2771 208 2840; x_wconf 87' lang='lat' dir='ltr'>nobis</span> <span class='ocrx_word' id='word_1_171' title='bbox 224 2769 413 2865; x_wconf 85' lang='lat' dir='ltr'>providente</span> <span class='ocrx_word' id='word_1_172' title='bbox 427 2768 529 2860; x_wconf 81' lang='lat' dir='ltr'>gratia</span> <span class='ocrx_word' id='word_1_173' title='bbox 548 2793 633 2864; x_wconf 89' lang='lat' dir='ltr'>qnae</span> <span class='ocrx_word' id='word_1_174' title='bbox 646 2768 738 2837; x_wconf 87' lang='lat' dir='ltr'>vohis</span> <span class='ocrx_word' id='word_1_175' title='bbox 753 2767 885 2836; x_wconf 90' lang='lat' dir='ltr'>omnino</span> <span class='ocrx_word' id='word_1_176' title='bbox 908 2761 1038 2836; x_wconf 91' lang='lat' dir='ltr'>omnem</span> <span class='ocrx_word' id='word_1_177' title='bbox 1052 2787 1114 2838; x_wconf 90' lang='lat' dir='ltr'>ter-</span> 
     </span>
     <span class='ocr_line' id='line_1_24' title="bbox 107 2877 1112 2976; baseline -0.002 -24"><span class='ocrx_word' id='word_1_178' title='bbox 107 2908 166 2952; x_wconf 90' lang='lat' dir='ltr'>rae</span> <span class='ocrx_word' id='word_1_179' title='bbox 183 2882 429 2976; x_wconf 84' lang='lat' dir='ltr'>possessionem</span> <span class='ocrx_word' id='word_1_180' title='bbox 445 2879 584 2964; x_wconf 87' lang='lat' dir='ltr'>abstulit,</span> <span class='ocrx_word' id='word_1_181' title='bbox 601 2895 635 2947; x_wconf 91' lang='lat' dir='ltr'>ut</span> <span class='ocrx_word' id='word_1_182' title='bbox 650 2880 758 2948; x_wconf 88' lang='lat' dir='ltr'>nullus</span> <span class='ocrx_word' id='word_1_183' title='bbox 773 2877 924 2972; x_wconf 51' lang='lat' dir='ltr'>¹videlicet</span> <span class='ocrx_word' id='word_1_184' title='bbox 940 2880 1027 2973; x_wconf 83' lang='lat' dir='ltr'>apud</span> <span class='ocrx_word' id='word_1_185' title='bbox 1043 2907 1112 2960; x_wconf 92' lang='lat' dir='ltr'>vos,</span> 
     </span>
     <span class='ocr_line' id='line_1_25' title="bbox 107 2989 1114 3088; baseline -0.003 -24"><span class='ocrx_word' id='word_1_186' title='bbox 107 3002 204 3084; x_wconf 89' lang='lat' dir='ltr'>(vos)</span> <span class='ocrx_word' id='word_1_187' title='bbox 227 2993 315 3088; x_wconf 89' lang='lat' dir='ltr'>apud</span> <span class='ocrx_word' id='word_1_188' title='bbox 339 3018 452 3064; x_wconf 85' lang='lat' dir='ltr'>omnes</span> <span class='ocrx_word' id='word_1_189' title='bbox 474 2990 738 3087; x_wconf 82' lang='lat' dir='ltr'>peregrinemini,</span> <span class='ocrx_word' id='word_1_190' title='bbox 762 2989 857 3058; x_wconf 86' lang='lat' dir='ltr'>nullis</span> <span class='ocrx_word' id='word_1_191' title='bbox 881 3016 940 3059; x_wconf 91' lang='lat' dir='ltr'>vos</span> <span class='ocrx_word' id='word_1_192' title='bbox 962 2991 1114 3082; x_wconf 85' lang='lat' dir='ltr'>legitimis</span> 
     </span>
     <span class='ocr_line' id='line_1_26' title="bbox 106 3100 1122 3196; baseline -0.006 -20"><span class='ocrx_word' id='word_1_193' title='bbox 106 3107 227 3176; x_wconf 84' lang='lat' dir='ltr'>vestris</span> <span class='ocrx_word' id='word_1_194' title='bbox 244 3105 351 3174; x_wconf 88' lang='lat' dir='ltr'>sciatis</span> <span class='ocrx_word' id='word_1_195' title='bbox 370 3103 539 3174; x_wconf 87' lang='lat' dir='ltr'>obnoxios.</span> <span class='ocrx_word' id='word_1_196' title='bbox 575 3100 677 3193; x_wconf 85' lang='lat' dir='ltr'>Quod</span> <span class='ocrx_word' id='word_1_197' title='bbox 693 3128 769 3171; x_wconf 87' lang='lat' dir='ltr'>vero</span> <span class='ocrx_word' id='word_1_198' title='bbox 786 3117 962 3196; x_wconf 86' lang='lat' dir='ltr'>praecepto</span> <span class='ocrx_word' id='word_1_199' title='bbox 980 3102 1122 3170; x_wconf 75' lang='lat' dir='ltr'>circum-¹</span> 
     </span>
     <span class='ocr_line' id='line_1_27' title="bbox 108 3207 1137 3311; baseline -0.004 -25"><span class='ocrx_word' id='word_1_200' title='bbox 108 3215 245 3306; x_wconf 20' lang='lat' dir='ltr'>cis-igonis</span> <span class='ocrx_word' id='word_1_201' title='bbox 277 3232 308 3286; x_wconf 90' lang='lat' dir='ltr'>et</span> <span class='ocrx_word' id='word_1_202' title='bbox 332 3215 478 3311; x_wconf 86' lang='lat' dir='ltr'>exemplo</span> <span class='ocrx_word' id='word_1_203' title='bbox 503 3216 656 3286; x_wconf 86' lang='lat' dir='ltr'>Abrahae</span> <span class='ocrx_word' id='word_1_204' title='bbox 682 3239 744 3284; x_wconf 89' lang='lat' dir='ltr'>nos</span> <span class='ocrx_word' id='word_1_205' title='bbox 769 3213 810 3282; x_wconf 87' lang='lat' dir='ltr'>ad</span> <span class='ocrx_word' id='word_1_206' title='bbox 835 3207 1137 3283; x_wconf 49' lang='lat' dir='ltr'>&#39;circumcisionem&#39;</span> 
     </span>
     <span class='ocr_line' id='line_1_28' title="bbox 1 3318 1114 3423; baseline -0.003 -27"><span class='ocrx_word' id='word_1_207' title='bbox 1 3318 3 3324; x_wconf 46' lang='grc'>’</span> <span class='ocrx_word' id='word_1_208' title='bbox 105 3355 226 3422; x_wconf 87' lang='lat' dir='ltr'>urgere</span> <span class='ocrx_word' id='word_1_209' title='bbox 248 3328 368 3411; x_wconf 88' lang='lat' dir='ltr'>niteris,</span> <span class='ocrx_word' id='word_1_210' title='bbox 390 3343 427 3396; x_wconf 90' lang='lat' dir='ltr'>ut</span> <span class='ocrx_word' id='word_1_211' title='bbox 446 3335 669 3423; x_wconf 88' lang='lat' dir='ltr'>eos(quo)que</span> <span class='ocrx_word' id='word_1_212' title='bbox 690 3325 772 3418; x_wconf 89' lang='lat' dir='ltr'>legis</span> <span class='ocrx_word' id='word_1_213' title='bbox 793 3341 996 3395; x_wconf 87' lang='lat' dir='ltr'>sacramento</span> <span class='ocrx_word' id='word_1_214' title='bbox 1012 3325 1114 3395; x_wconf 90' lang='lat' dir='ltr'>inclu-</span> 
     </span>
     <span class='ocr_line' id='line_1_29' title="bbox 107 3436 1114 3535; baseline -0.002 -26"><span class='ocrx_word' id='word_1_215' title='bbox 107 3440 171 3510; x_wconf 89' lang='lat' dir='ltr'>das</span> <span class='ocrx_word' id='word_1_216' title='bbox 195 3441 312 3535; x_wconf 88' lang='lat' dir='ltr'>quihus</span> <span class='ocrx_word' id='word_1_217' title='bbox 336 3439 653 3509; x_wconf 82' lang='lat' dir='ltr'>tamennullatenris</span> <span class='ocrx_word' id='word_1_218' title='bbox 678 3440 784 3533; x_wconf 88' lang='lat' dir='ltr'>legem</span> <span class='ocrx_word' id='word_1_219' title='bbox 809 3462 882 3505; x_wconf 88' lang='lat' dir='ltr'>esse</span> <span class='ocrx_word' id='word_1_220' title='bbox 907 3436 1017 3506; x_wconf 90' lang='lat' dir='ltr'>datam</span> <span class='ocrx_word' id='word_1_221' title='bbox 1036 3464 1114 3507; x_wconf 90' lang='lat' dir='ltr'>con·</span> 
     </span>
     <span class='ocr_line' id='line_1_30' title="bbox 107 3549 1115 3645; baseline -0.006 -23"><span class='ocrx_word' id='word_1_222' title='bbox 107 3553 200 3622; x_wconf 89' lang='lat' dir='ltr'>cedis</span> <span class='ocrx_word' id='word_1_223' title='bbox 238 3569 293 3622; x_wconf 90' lang='lat' dir='ltr'>aut</span> <span class='ocrx_word' id='word_1_224' title='bbox 328 3551 423 3620; x_wconf 88' lang='lat' dir='ltr'>etiam</span> <span class='ocrx_word' id='word_1_225' title='bbox 452 3551 706 3645; x_wconf 86' lang='lat' dir='ltr'>promissionem</span> <span class='ocrx_word' id='word_1_226' title='bbox 736 3567 840 3618; x_wconf 89' lang='lat' dir='ltr'>terrae</span> <span class='ocrx_word' id='word_1_227' title='bbox 870 3549 938 3618; x_wconf 87' lang='lat' dir='ltr'>ficri</span> <span class='ocrx_word' id='word_1_228' title='bbox 969 3550 1115 3645; x_wconf 89' lang='lat' dir='ltr'>quaein</span> 
     </span>
     <span class='ocr_line' id='line_1_31' title="bbox 104 3659 1113 3758; baseline -0.004 -26"><span class='ocrx_word' id='word_1_229' title='bbox 104 3680 206 3758; x_wconf 83' lang='lat' dir='ltr'>pacto</span> <span class='ocrx_word' id='word_1_230' title='bbox 237 3662 489 3734; x_wconf 88' lang='lat' dir='ltr'>circumcisionis</span> <span class='ocrx_word' id='word_1_231' title='bbox 521 3663 700 3747; x_wconf 46' lang='lat' dir='ltr'>statuiturs</span> <span class='ocrx_word' id='word_1_232' title='bbox 716 3661 789 3733; x_wconf 88' lang='lat' dir='ltr'>vide</span> <span class='ocrx_word' id='word_1_233' title='bbox 821 3685 918 3756; x_wconf 88' lang='lat' dir='ltr'>quam</span> <span class='ocrx_word' id='word_1_234' title='bbox 941 3659 982 3730; x_wconf 86' lang='lat' dir='ltr'>sit</span> <span class='ocrx_word' id='word_1_235' title='bbox 1003 3659 1113 3749; x_wconf 86' lang='lat' dir='ltr'>invali-</span> 
     </span>
    </p>
   </div>
   <div class='ocr_carea' id='block_1_3' title="bbox 105 3815 312 3830">
    <p class='ocr_par' dir='ltr' id='par_1_3' title="bbox 105 3815 312 3830">
     <span class='ocr_line' id='line_1_32' title="bbox 105 3815 312 3830; baseline 0 0"><span class='ocrx_word' id='word_1_236' title='bbox 105 3815 312 3830; x_wconf 52' lang='grc' dir='ltr'><strong>ψ</strong></span> 
     </span>
    </p>
   </div>
   <div class='ocr_carea' id='block_1_4' title="bbox 121 3905 462 4083">
    <p class='ocr_par' dir='ltr' id='par_1_4' title="bbox 121 3905 462 4083">
     <span class='ocr_line' id='line_1_33' title="bbox 123 3905 462 3981; baseline 0.003 -16"><span class='ocrx_word' id='word_1_237' title='bbox 123 3908 160 3981; x_wconf 92' lang='grc'>1)</span> <span class='ocrx_word' id='word_1_238' title='bbox 179 3907 260 3965; x_wconf 82' lang='lat' dir='ltr'>Dent</span> <span class='ocrx_word' id='word_1_239' title='bbox 277 3905 380 3978; x_wconf 88' lang='lat' dir='ltr'>XXlll,</span> <span class='ocrx_word' id='word_1_240' title='bbox 402 3911 462 3966; x_wconf 86' lang='lat'>19.·</span> 
     </span>
     <span class='ocr_line' id='line_1_34' title="bbox 121 4010 417 4083; baseline 0 -13"><span class='ocrx_word' id='word_1_241' title='bbox 121 4012 159 4083; x_wconf 78' lang='lat'>2)</span> <span class='ocrx_word' id='word_1_242' title='bbox 179 4010 243 4070; x_wconf 80' lang='lat' dir='ltr'>ch.</span> <span class='ocrx_word' id='word_1_243' title='bbox 262 4011 352 4082; x_wconf 82' lang='lat' dir='ltr'>XVII,</span> <span class='ocrx_word' id='word_1_244' title='bbox 375 4017 417 4072; x_wconf 86' lang='lat' dir='ltr'>lo.</span> 
     </span>
    </p>
   </div>
   <div class='ocr_carea' id='block_1_5' title="bbox 0 0 1404 4486">
    <p class='ocr_par' dir='ltr' id='par_1_5' title="bbox 0 0 1404 4486">
     <span class='ocr_line' id='line_1_35' title="bbox 0 0 1404 4486; baseline 0 6"><span class='ocrx_word' id='word_1_245' title='bbox 0 0 1404 4486; x_wconf 95' lang='lat' dir='ltr'> </span> 
     </span>
    </p>
   </div>
  </div>
 </body>
</html>
