2806 4492
256 289 356 360 XXll

256 469 380 556 niono
389 469 597 550 temerarii
610 484 650 550 et
660 469 799 549 insulsi
810 496 900 551 esse
910 471 1085 573 videtur,
1094 473 1261 557 Petrum

248 616 365 697 ‘idem
383 615 524 696 thema
540 614 670 696 tribus
688 617 833 710 modis3
854 620 1064 724 paululum
1085 621 1194 701 inter
1214 651 1260 706 se

257 763 453 861 diverse,
479 760 658 842 voluisse
675 777 877 861 tractare,
903 767 959 844 ita
976 780 1021 844 ut
1040 767 1092 846 ab
1111 763 1261 878 iin'per-
1357 826 1362 832 ›

256 904 416 988 fectiori
437 898 563 1040 opere
586 909 637 988 ad
662 907 881 1017 perfectius
908 913 1103 1019 paulatim
1122 941 1260 996 ascen·

257 1051 385 1134 deret.

222 1231 227 1246 ¹
308 1261 313 1269 ·
373 1199 456 1281 Sed
485 1197 580 1278 huic
609 1199 834 1278 sententiae
853 1201 966 1280 locus
992 1187 1089 1282 libri‘
1112 1202 1259 1305 nostri,

259 1347 326 1456 qui
353 1347 485 1454 capite
504 1345 708 1425 XXXIV.
727 1342 901 1452 legitur,
924 1345 1074 1428 diserte
1100 1365 1260 1430 contra·

193 1503 198 1512 '
258 1491 366 1572 dicit.
397 1493 443 1571 In
459 1490 538 1570 hoc
556 1491 666 1570 enim
686 1505 831 1570 auctor
852 1490 903 1572 ad
919 1497 1259 1574 commentarium

258 1665 384 1748 super
408 1665 472 1746 ep.
491 1636 542 1716 ad
564 1638 771 1716 Romanos
792 1651 1018 1746 provocat,
1057 1641 1147 1719 Jam
1166 1669 1258 1722 cum

259 1783 585 1867 Commentarius
631 1796 773 1889 aperte
807 1783 950 1862 innuat
995 1784 1260 1864 Introductio-

139 1999 144 2009 .
257 1955 354 2008 nem
375 1907 469 2010 ante
493 1913 590 2007 cuni
617 1928 811 2036 scriptam
844 1957 956 2030 esse,
987 1951 1070 2009 non
1094 1929 1259 2038 dubium

259 2101 348 2156 esse
366 2089 521 2182 potest,
554 2074 651 2182 quin
672 2091 813 2155 noster
835 2076 992 2155 libellus
1016 2090 1109 2183 post
1131 2077 1260 2154 Intro·

258 2219 490 2301 ductionem
506 2218 700 2300 locandus
716 2222 778 2300 sit.
808 2221 1030 2304 Praeterea
1048 2220 1148 2298 nihil
1159 2219 1258 2300 certi

259 2365 309 2446 de
325 2381 512 2474 tempore
529 2366 690 2446 definiri
705 2378 851 2472 potest.
883 2366 1062 2448 Prorsus
1079 2366 1123 2446 in
1138 2366 1259 2444 dubio

258 2511 566 2622 relinquendum
585 2538 673 2590 esse
684 2487 859 2611 uidetur,
882 2539 981 2591 num
996 2513 1102 2592 ‘liber
1119 2526 1261 2590 noster

257 2672 352 2740 ante
392 2658 459 2737 vel
499 2671 598 2766 post
624 2656 892 2763 Theologiam
926 2657 1189 2737 christianam
1220 2669 1261 2778 et

258 2804 407 2883 librum
426 2779 561 2884 titulo:¹
580 2806 680 2884 scito
697 2829 741 2880 se
752 2802 900 2910 ipsum,
917 2802 1156 2910 insignitum
1166 2830 1261 2910 pro

256 2949 408 3034 dierit?
454 2950 539 3032 Pro
558 2962 700 3029 nostra
728 2947 939 3046 sententia,
967 2972 1062 3025 cum
1080 2949 1259 3028 medium

257 3096 396 3180 locum
423 3094 533 3174 inter
556 3094 905 3176 commentarium
934 3105 974 3172 et
994 3092 1260 3205 Theologiam

255 3236 522 3322 christianam
545 3255 702 3338 tenere,
718 3240 759 3319 id
779 3239 896 3318 unice
913 3237 1093 3345 proferri
1110 3253 1260 3346 potest,

257 3387 422 3467 Petmm
457 3388 682 3496 Theologia
713 3385 853 3466 christ.
890 3384 998 3464 edita
1021 3411 1260 3493 'argumen
1294 3389 1297 3394 ’

256 3545 344 3610 tum
358 3531 685 3631 Introductionis,
708 3528 792 3640 jam
811 3529 925 3638 prius
943 3530 1087 3629 editae,
1114 3530 1187 3609 vix
1212 3555 1261 3608 ac

257 3703 309 3758 ne
323 3678 401 3758 vix
420 3676 583 3786 quidem
604 3692 690 3758 tam
699 3691 902 3776 accurate,
918 3673 1261 3786 quemadmodum
1396 3745 1398 3802 4

255 3823 296 3904 id
314 3823 357 3903 in
377 3837 520 3902 nostro
546 3821 651 3902 libro
679 3815 832 3901 sactum
851 3847 939 3902 esse
956 3822 1163 3918 videmus,
1197 3849 1261 3901 re-

254 3967 476 4076 petiturum
489 3964 627 4050 fuisse.
675 3975 784 4048 Ante
802 3967 1015 4054 uberiores
1028 3966 1258 4076 theologiae
1396 4013 1397 4020 κ
