2806 4492
2 2285 32 2367 ι-
140 2319 208 2362 non
245 2317 287 2390 *er
310 2292 445 2367 ,nostris
474 2291 606 2361 uiribus
645 2292 876 2387 apprehensa,
897 2304 1143 2396 ‚consequimur
1244 2348 1247 2355 ·
1290 2323 1307 2354 ›'
1377 2311 1385 2324 ’

142 2400 274 2506 Quippe
293 2428 355 2474 nec
370 2403 411 2475 ad
430 2403 607 2498 corporalis
620 2403 702 2478 solis
725 2406 1036 2500 apprehendendam
1053 2413 1143 2489 clari*
1249 2437 1257 2450 ⁸

133 388 215 484 'qnid
234 378 302 492 eps,
331 388 416 476 scire
429 449 434 456 .
446 389 636 472 conveniat,
653 403 951 488 quantumcunque
978 387 1142 476 remoturus

6 510 58 589 *j
111 525 204 580 non
232 502 395 596 igno-rant.
445 501 601 598 Alioquin
630 501 784 595 paradiso
810 503 954 576 fruentes
978 525 1138 588 tormenta

126 615 254 709 *inserui
283 641 352 692 non
382 613 625 714 conspicerent,
656 631 691 692 ut
719 617 924 710 eo'amplius
947 619 1043 692 deum
1067 626 1136 696 dili·

136 724 231 818 gant,
262 753 327 838 quo
357 726 669 820 per'ejusgratiam
694 727 841 818 graviora
865 755 911 828 se
925 734 1068 860 evasisse
1091 739 1136 806 ri.

137 837 252 917 derint.
291 835 402 927 Quem
427 837 557 930 quidem
580 837 797 932 paradisum
788 864 821 908 ιιι
844 840 916 935 ipsa
937 844 1061 918 visione
1076 852 1137 922 dei

137 942 257 1046 ultique
279 949 351 1038 (tot.
373 955 424 1024 47.
443 949 502 1037 R)
525 950 702 1020 consistere
727 950 879 1024 dominus
902 953 1000 1026 Jesus
1023 956 1154 1054 paten·=
1217 941 1229 1018 s
1288 931 1302 1061 x.

94 1064 100 1076 ‘
138 1076 187 1130 ter
207 1062 367 1154 insinuat,
394 1044 507 1132 dum·
488 1087 570 1156 ¹rpso
595 1061 647 1132 die
670 1089 734 1158 quo
760 1066 841 1157 ejus
853 1067 961 1136 anltrra
984 1071 1017 1140 in
1041 1099 1138 1156 carne

24 1167 28 1176 ⁸
81 1241 85 1247 ,
138 1197 261 1268 passa
256 1173 435 1245 descendit
462 1174 505 1242 ad
532 1174 673 1257 inlesos,
706 1192 742 1244 ut
769 1176 844 1248 inde
873 1205 951 1250 suos
981 1183 1139 1274 liberaret,
1209 1203 1230 1223 ¹¹

137 1284 352 1366 latroni—eum
375 1261 545 1369 conlasso,
573 1287 619 1354 ait
645 1293 693 1375 1>ι
724 1311 819 1358 amen
843 1289 917 1361 dico
940 1293 1019 1378 tibi,
1043 1298 1139 1370 hodie

138 1416 267 1469 mecum
284 1384 351 1468 eris
375 1397 410 1464 in
433 1397 599 1491 paradiso.
636 1400 664 1466 A
684 1394 748 1494 quo
774 1400 904 1496 quidem
927 1407 1081 1498 paradiso
1097 1423 1138 1484 ne

139 1495 221 1578 tunc
237 1495 333 1580 etiarn
357 1509 465 1578 anima
484 1506 607 1582 Christi
629 1526 781 1580 extranea
804 1515 915 1614 extitit,
939 1542 1013 1590 cum
1036 1538 1071 1590 ut
1093 1523 1140 1592 di·

141 1637 227 1692 ctum
251 1639 316 1706 est,
347 1621 428 1703 ad'
419 1620 540 1692 inferos
564 1622 746 1696 descendit
791 1623 928 1700 turn
918 1643 1026 1725 itaque
1057 1633 1142 1706 hanc
1290 1645 1294 1657 “
1358 1651 1363 1664 “

140 1732 243 1802 fidem
272 1749 420 1836 nostram
450 1748 480 1802 et
508 1734 668 1804 rationem
704 1735 910 1810 manifestam
944 1767 1141 1844 quocunque

137 1844 213 1915 loco
236 1845 341 1915 fidelis
365 1829 405 1914 sit
426 1844 547 1929 anima,
568 1847 644 1942 quia
667 1845 784 1942 ubique
802 1869 1018 1942 praesentem,
1042 1875 1077 1926 nt
1095 1861 1141 1928 di·

140 1973 228 2026 ctum
252 1973 316 2040 est,
321 1957 459 2050 reperit
481 1957 594 2040 deum,
625 1974 670 2026 et.
660 1959 834 2052 quoniam
857 1961 951 2032 nullo
971 1964 1167 2067 impeditur¹

141 2056 324 2150 obstacula,
348 2068 494 2164 ubique
486 2094 519 2136 ιιι
538 2091 599 2136 sua
614 2091 717 2164 aeque
734 2091 920 2168 perseverat
934 2075 1144 2167 heatitudine,

141 2203 240 2277 quam
262 2177 413 2252 videlicet
436 2207 473 2250 ex
497 2180 623 2251 visione
647 2179 701 2254 dei
729 2181 824 2251 nobis
847 2210 906 2278 per
930 2213 1003 2257 eum
1020 2190 1143 2278 inlusa,

141 2532 240 2586 tatem
265 2517 533 2599 conscendimus,
564 2513 624 2584 sed
652 2515 724 2610 ipsa
748 2543 783 2588 se
807 2521 902 2590 nobis
927 2524 1082 2612 infundit,
1111 2547 1146 2601 ut

2 2643 8 2664 '¹
94 2713 99 2718 Α
143 2641 182 2698 ea
204 2627 358 2700 fruamur.
400 2629 449 2696 lta
474 2643 506 2696 et
528 2638 592 2696 nos
622 2642 688 2696 tam
713 2629 792 2714 deo,
822 2659 920 2726 quarn
949 2637 1020 2731 ipse
1043 2635 1145 2714 ¹uoltis

2 4009 18 4101 ,¹

132 2736 393 2836 appropinquat,
416 2757 581 2843 tamquam
606 2739 746 2834 desuper
769 2742 946 2816 claritatem
969 2775 1063 2822 suam
1080 2781 1145 2826 no·

142 2852 248 2920 his'et
271 2851 393 2922 amoris*
413 2852 464 2920 sui
488 2851 630 2931 calorem
643 2852 840 2940 ¹infundens,
864 2859 1028 2955 adquam
1049 2868 1145 2936 etiam
1202 2893 1224 2942 r„

144 2981 306 3060 nusquam
330 2963 475 3032 localiter
498 2962 739 3048 consistentem,
763 2968 791 3037 si
814 2995 878 3064 qno
895 2974 996 3042 modo
1012 2979 1146 3072 propin·
1173 2963 1185 3037 i·

139 3077 244 3170 ⁴quare
269 3075 414 3177 dicimur,
437 3101 505 3144 non
526 3075 681 3159 idilocis,
711 3078 769 3146 sed
793 3083 913 3152 meritis
936 3081 1003 3157 fieri
1025 3105 1077 3156 est
1098 3089 1146 3158 iu.

74 3237 79 3246 ·
144 3186 364 3280 telligendum,
387 3186 537 3258 vide-licet
559 3203 720 3282 quantum¹
739 3190 908 3261 similiores
930 3194 963 3262 in
987 3197 1076 3268 bonu
1101 3201 1144 3270 ef·

143 3300 268 3368 {icimur
290 3299 341 3368 vel
366 3301 435 3390 ejus
466 3298 604 3392 amplius
628 3299 786 3370 voluntati
816 3307 1069 3394 concordamus,
1098 3313 1146 3382 si'c

145 3411 341 3480 econtrario
366 3411 406 3478 ab
431 3437 470 3478 eo
494 3411 646 3479 recedere
670 3411 871 3506 intelligendi
887 3417 1009 3494 sunaus}
1045 3418 1144 3512 Quod

111 3530 118 3543 '
144 3521 337 3591 venerabilis
376 3521 491 3590 doctor
520 3523 722 3615 Augustinus
754 3543 785 3594 et
819 3529 1036 3602 doctrinarum
1064 3563 1146 3631 quo·

71 3725 73 3743 Ι
145 3661 208 3729 que
232 3650 411 3704 vestrarum
434 3635 649 3728 peritissimus
679 3635 856 3729 diligenter
877 3644 1043 3736 aperiens,
1074 3647 1147 3734 deo,

144 3747 258 3844 inquit,
284 3744 340 3840 qui
361 3745 482 3840 ubique
499 3761 556 3818 'est
577 3775 645 3820 non
668 3749 747 3820 locis
764 3751 824 3822 scd
841 3754 986 3827 moribus
1000 3774 1056 3827 aut
1071 3785 1147 3857 pro·
1186 3818 1190 3826 .

164 3995 278 4066 Illaec.
298 3995 396 4066 xxm,
414 4000 458 4056 ts.
