2740 4486
925 299 1103 400 vrili

98 483 186 538 runt.
229 470 384 538 Socraten
410 471 496 537 enim
517 468 578 538 aab
601 473 723 536 rirtute
745 470 949 556 prudentiam
979 475 1102 540 consti·

97 600 193 650 tuem
216 597 357 668 quatuor
377 585 509 649 virtutis
531 587 659 666 specics
681 605 758 649 etue
773 585 903 666 docuit,
920 589 1100 672 justitiam,
1187 572 1191 582 ¹

99 699 344 777 fortitudinem,
368 693 628 780 temperantiam.
672 697 767 764 Dixit
790 701 875 763 enim
893 703 1099 781 prudentiam

97 813 330 876 discretionem
358 832 432 878 eoae
454 810 612 876 bonarum
635 811 690 875 v‘el
713 812 873 877 malarum
894 835 1001 878 rerum
1024 835 1097 881 cum

97 937 215 990 ornatu
248 943 385 989 morum.
436 921 556 988 'l'nlern
585 923 791 1004 prudentiam
822 927 956 989 vocavit
987 926 1095 992 ocien-

97 1039 184 1101 tiam·
200 1036 255 1102 vel
277 1036 484 1119 seprientiam.
529 1033 584 1098 De
606 1033 855 1102 bacchatorica
877 1037 1011 1102 multum
1028 1037 1101 1102 alo·

5 1205 6 1210 ,
95 1152 270 1233 quentiae,
301 1169 413 1230 porum
436 1151 594 1214 acientiac
617 1149 673 1214 vel
696 1153 891 1232 sapientiae.
933 1153 1097 1218 Aristote-

93 1260 148 1326 les
169 1276 279 1327 erotem
301 1283 320 1325 a
341 1260 517 1326 virtutibus
539 1283 612 1326 earn
631 1264 814 1343 reperavit,
836 1263 894 1327 ubi
915 1264 1017 1330 dixit:
1047 1276 1096 1328 ta·

92 1373 147 1438 leo
170 1385 246 1438 sont
272 1377 431 1440 scientiae
459 1389 494 1440 et
515 1377 665 1440 virtutes.
709 1375 907 1441 Aristotelea
934 1397 1014 1441 roro
1036 1397 1098 1442 no·

92 1485 160 1552 luit
189 1486 244 1551 vcl
272 1487 372 1551 etiem
400 1507 466 1552 non
489 1488 613 1570 putavit
635 1491 712 1550 esoe'
732 1491 907 1570 virtutem,
931 1488 1019 1574 quod
1041 1509 1098 1554 aa·

93 1618 160 1684 que
195 1598 291 1664 bonis
326 1613 360 1663 ot
392 1599 490 1665 mulir
523 1599 625 1666 babet
664 1603 853 1666 convenire.
909 1601 1097 1668 Secundum

91 1713 309 1780 Aristotelem
332 1715 436 1800 igitur
453 1725 621 1780 tuernout
639 1718 766 1796 species
788 1717 938 1796 virtutis,
965 1717 1097 1800 justitia

91 1826 241 1906 scilicet,
265 1829 501 1909 temperantia,
530 1825 698 1893 fortitudo.
749 1827 917 1894 Justitiam
945 1847 1024 1893 vero
1047 1828 1098 1894 oio

91 1939 255 2005 definiunt
282 1940 493 2023 philosophi:
521 1943 654 2025 justitia
676 1952 729 2007 ent
749 1940 882 2006 habitus
901 1941 1000 2006 animi
1021 1941 1096 2006 red.

91 2053 176 2118 dens
204 2055 380 2138 unicuique
410 2053 497 2138 quod
524 2074 616 2118 suom
647 2067 716 2134 est,
753 2055 916 2140 communi
949 2052 1095 2120 utilitate

56 2239 59 2246 ,
91 2159 240 2234 servata.
264 2166 361 2254 *Hoc
382 2168 470 2232 idem
491 2166 695 2232 lastinianus
726 2168 856 2262 notavit
883 2188 945 2234 tuo
971 2167 1095 2234 dillini-

72 2275 203 2364 tione,
226 2303 298 2348 cum
319 2284 444 2348 diceret
463 2283 533 2350 sic:
557 2284 691 2380 justitia
713 2293 767 2348 ett
788 2293 943 2348 constans
965 2289 1000 2346 'et
1020 2304 1096 2366 per·

88 2408 192 2478 petua
213 2395 367 2465 voluntat
391 2408 453 2462 etc.
496 2393 561 2462 Per
582 2397 644 2463 hoc
674 2399 783 2478 enim,
811 2398 899 2484 quod
921 2398 985 2467 ait:
1016 2419 1096 2466 con·

86 2524 183 2574 stane
206 2522 240 2575 et
259 2524 416 2595 perpetua
437 2511 610 2593 voluntas,
646 2511 839 2596 qualitatem
863 2514 985 2579 mentis
1004 2513 1097 2578 voni·

89 2635 203 2688 entem
226 2637 270 2689 ex
300 2625 520 2708 applicatione
551 2639 584 2692 et
615 2626 753 2692 difficile
774 2625 931 2693 mobilem
951 2621 1094 2700 notavit.
1146 2641 1147 2648 ’

88 2739 159 2803 Per
179 2737 259 2817 boc,
283 2741 369 2823 quod
392 2741 495 2807 dixit:
526 2763 621 2808 soum
641 2744 818 2827 unicuique
844 2743 902 2827 jur
931 2739 1093 2820 tribuens,

6 2941 7 2944 Ἴ
92 2845 252 2932 optimum
273 2853 425 2916 notavit.'
457 2853 557 2919 Suum
578 2867 689 2936 potest
709 2855 828 2922 referri
855 2868 922 2920 tam
945 2853 986 2917 ad
1007 2855 1094 2922 acci·

87 2941 237 3050 pientem
271 2987 368 3049 quarn
399 2968 441 3030 ad
470 2967 678 3033 tribuentem.
729 2968 767 3032 Si
801 2969 845 3033 ad
877 2968 1093 3048 accipientem

87 3077 368 3158 toleratum-tunc
385 3080 663 3148 determinandum
683 3061 845 3146 communi
862 3078 1004 3144 utilitato
1023 3099 1093 3142 ter·
1185 3067 1188 3076 ’

86 3205 182 3258 vata.
224 3192 382 3257 Juttitiao
405 3193 564 3277 siquidem
595 3205 647 3260 est
675 3181 785 3259 omnia¹
813 3192 856 3260 ad
887 3209 1093 3256 communem
1116 3259 1145 3274 ,,

84 3305 268 3372 utilitatem
297 3307 435 3372 referre.
487 3308 544 3373 Sic
571 3310 672 3396 igitur
699 3310 734 3372 in
760 3297 929 3389 republica
961 3303 1092 3388 quidem
1136 3336 1139 3340 ·

7 3463 8 3466 =
83 3417 163 3484 fieri
185 3417 303 3498 debet,
325 3430 362 3484 ut
384 3441 455 3486 oum
477 3420 596 3505 aliquia
618 3432 744 3515 tantum
764 3419 921 3484 meruerit
939 3435 1091 3480 remune-

82 3534 157 3598 rari
183 3531 240 3597 vel
261 3545 354 3598 tanta
375 3555 484 3618 poena
503 3535 630 3616 puniri,
661 3532 880 3610 deliberetur,
901 3551 943 3594 an
964 3529 995 3593 ri
1016 3539 1089 3592 tan·

81 3659 157 3712 tum
177 3649 357 3729 praemium
384 3650 417 3713 ei
445 3649 540 3714 detur
564 3660 621 3714 eut
642 3659 736 3712 tantu
761 3666 871 3729 poena
895 3640 1089 3708 multaretur

80 3758 290 3841 reipublicae
310 3761 563 3848 praejudicetur.
608 3761 752 3826 'lautum
774 3761 861 3825 eninr
880 3765 994 3839 portet
1012 3752 1086 3834 quio

79 3875 289 3937 remunerari
317 3894 376 3938 reu
398 3876 499 3939 etiam
519 3875 646 3958 puniri,
675 3873 762 3958 quod
783 3868 971 3953 respublica
993 3883 1084 3947 roag-

77 4001 163 4050 mrrn
189 3984 417 4053 detrimentum
442 3989 520 4058 inde
548 4001 726 4074 pateretur.
780 3985 872 4049 Siout
900 3993 952 4048 ost
974 3982 1008 4046 in
1030 3997 1081 4041 re-

828 4096 877 4162 7’
1144 4095 1147 4100 ’
