2806 4492
1000 245 1147 326 XXXV

134 461 299 550 quoque.
342 435 394 517 ad
446 422 651 516 Abbatem
695 434 1061 534 claraevallensem
1098 431 1136 486 ’⁸'

132 582 336 694 pervenit.
396 561 616 674 Praeterea
656 583 700 660 in
736 583 979 664 memoriam
1017 611 1136 665 revo-
1227 649 1229 656 .

44 737 53 771 ⁸
132 729 308 811 candum
354 743 438 828 est,
468 729 633 809 'titulos
673 757 845 838 operum
914 727 1135 810 Abaelardi

113 843 306 957 ‘mutum
342 875 518 955 variare.
576 877 656 981 lta,
699 891 743 956 ut
779 877 857 957 alia
887 877 1136 976 omittamus,

133 1025 278 1104 Petrus
293 1023 639 1102 Introductionem
657 1018 791 1136 ipsam
807 1023 930 1103 modo
959 1045 1062 1133 opus
1084 1019 1136 1102 de

134 1165 214 1248 lide
232 1163 276 1246 S.
294 1167 485 1248 trinitatis
505 1169 696 1277 appellat,
726 1169 849 1249 modo
867 1168 1136 1277 Theologiam

45 1284 52 1296 ’
134 1339 265 1418 suam,
283 1285 406 1395 molo
422 1315 672 1432 Theologiae'
686 1329 903 1396 tractatum
918 1314 967 1396 de
981 1313 1134 1398 unitate

134 1472 177 1540 ot
205 1441 385 1542 maiole
414 1459 572 1562 divina,
602 1460 731 1542 modo
761 1459 912 1541 librum
943 1460 993 1542 de
1016 1461 1136 1542 'trini-

51 1687 54 1692 ,
133 1619 216 1686 tato
248 1601 360 1713 (hist.
374 1595 466 1686 cal.
499 1631 535 1686 c.
558 1603 628 1710 ως
657 1608 776 1688 simili
805 1608 928 1689 modo
946 1607 1134 1689 adversa-

133 1750 186 1831 rii
214 1751 447 1860 promiscue
476 1751 528 1833 <le
557 1753 801 1862 Theologia‚
829 1754 889 1835 ,de
916 1755 1020 1836 libro
1047 1755 1136 1834 Tri-

133 1890 208 1986 nit.
238 1910 313 1977 eto.
344 1923 579 1992 sermonem
619 1898 821 1980 fundunt.'
866 1902 971 1980 Hinc
1000 1899 1136 1980 stami-

67 2143 70 2149 .
134 2033 225 2122 mus
237 2057 257 2144 ,'
291 2044 454 2125 titulum
495 2045 642 2136 codicis
681 2075 764 2129 non
792 2046 965 2127 multum
993 2072 1134 2126 euran-

134 2185 231 2270 d'um
270 2189 342 2270 sed
372 2185 547 2300 aliquem
577 2191 810 2301 eligendum
846 2219 954 2292 esse,
990 2192 1057 2300 qui
1087 2192 1140 2274 ti<

98 2444 101 2452 y
134 2335 228 2416 tulis
258 2363 433 2448 operum
447 2337 665 2420 Abaelardi
693 2354 834 2420 nostro
860 2338 976 2449 operi
1001 2338 1133 2449 quoad

132 2481 347 2563 materiam
384 2481 651 2566 finitimorum
702 2485 895 2566 finitimus
935 2499 1044 2565 esset
1085 2511 1133 2565 ac

131 2628 251 2709 simul
288 2627 332 2709 id
370 2629 481 2738 quod
518 2628 624 2712 libro
663 2635 878 2743 proprium
921 2645 1029 2714 esset
1075 2628 1133 2708 in·
1225 2731 1229 2742 ι

133 2773 303 2858 dicaret.

251 2919 662 3006 Setihaechactenus.
680 2926 896 3038 Reliquum
910 2941 984 3026 est,
1006 2939 1051 3044 ut
1065 2899 1133 3005 au·

130 3067 233 3149 licae
248 3067 525 3150 Bibliothecae
536 3071 717 3152 Antistiti
736 3087 776 3152 et
790 3072 1033 3155 custodibus
1052 3099 1129 3183 pro

89 3313 97 3326 ·
132 3283 340 3306 m

133 3405 189 3484 28)
219 3395 351 3466 Natalis
366 3399 571 3484 Alexander,
594 3404 671 3490 hist.
695 3406 777 3473 eccl.
802 3407 877 3473 Sec.
890 3406 967 3474 XII.
991 3406 1083 3475 Diss.
1098 3414 1131 3476 7.

216 3533 246 3580 a.
269 3516 307 3578 6:
351 3513 479 3581 Locum
510 3515 604 3583 illum
637 3541 657 3582 a
690 3519 726 3586 S.
757 3520 928 3588 Bernardo
958 3522 1131 3587 confictum

217 3624 352 3693 credere
380 3630 541 3695 sanctitas
570 3632 674 3714 ipsius
696 3645 817 3726 vetat..
843 3635 974 3701 Sumtus
998 3648 1049 3700 ost
1068 3637 1131 3700 ita·

215 3757 279 3820 que
301 3759 346 3804 ex
366 3737 472 3821 libro,
508 3742 564 3826 qui
594 3744 644 3808 sic
665 3743 913 3826 appellabatur,
936 3749 1023 3833 quod
1044 3748 1131 3814 forto

214 3848 429 3932 inscriptione
450 3866 579 3918 careret
600 3875 639 3920 ac
661 3861 843 3926 sententias
861 3858 1074 3934 nihilominus
1089 3859 1130 3926 de

197 3961 315 4030 (rebus
340 3963 537 4055 theologicis
559 3973 755 4038 contineret.
