2740 4486
1052 303 1107 378 83

102 471 351 568 subministrare
373 475 580 538 conveniant.
627 472 769 558 Sanguis
791 481 901 538 'autem
916 494 1104 538 sacramen·

104 599 171 650 tum
194 590 325 669 spiritus
348 586 539 665 Ecclesiae,
569 587 667 670 quod
685 608 744 669 per
774 587 998 668 septiformem
1028 609 1103 676 gra·

104 703 183 764 tiam
208 721 280 764 eam
303 702 452 764 vivificat
479 713 512 763 et
541 703 574 764 iu
607 722 647 764 ea
676 713 840 781 operatur.
889 698 1103 780 sicutenim,

102 826 138 876 ut
161 815 206 875 ait
229 801 444 898 Augustinus,
468 815 576 878 anima
598 815 666 876 vita
685 823 741 876 est
759 815 917 894 corporis,
940 817 987 878 ita
1009 814 1101 880 Deus

100 927 169 988 vita
193 939 242 988 est
266 929 407 989 animae.
443 927 485 990 Et
508 926 592 989 bene
613 949 672 1009 per
693 928 885 1012 sanguinem
903 927 1103 994 vivificatrix
1170 915 1172 922 Ι

100 1037 162 1101 illa
185 1039 291 1124 gratia
315 1038 537 1125 significatur,
561 1041 636 1120 quia
658 1040 818 1122 rrrajorem
844 1041 910 1102 vim
932 1053 966 1102 ct
988 1039 1102 1104 effica-

101 1153 186 1214 ciam
209 1150 308 1214 habet
331 1153 493 1215 animuin
517 1154 697 1238 sanguine,
721 1173 817 1234 quarn
839 1151 964 1222 100110
990 1152 1103 1236 aliquo

100 1261 247 1328 humore.
292 1263 388 1330 Unde
421 1264 579 1347 Moyses,
613 1266 742 1342 anima,
772 1267 895 1348 inquit,
927 1268 1110 1348 cujusnam.

101 1375 351 1460 00000001010
379 1381 540 1463 sanguine
566 1389 628 1442 est.
673 1377 738 1442 llla
767 1399 847 1442 vero
877 1381 1044 1460 perceptio
1068 1389 1101 1444 et

100 1491 340 1572 incorporatio,
364 1514 447 1573 quae
470 1493 577 1555 estin
601 1491 797 1555 assumendo
815 1489 897 1555 illud
913 1511 1101 1554 sacramen·

17 1659 20 1666 .
98 1615 186 1681 tum,
211 1617 261 1668 est
282 1606 413 1667 unionis
436 1617 470 1667 et
490 1605 786 1685 incorporationis,
818 1625 902 1687 quae
925 1615 976 1668 est
999 1586 1114 1669 mem-¹

6 1789 7 1792 0
99 1715 232 1782 brorum
255 1717 297 1781 ad
327 1729 433 1799 caput.
486 1715 571 1782 Nam
600 1717 728 1800 quando
758 1716 877 1800 aliquis
907 1717 1033 1780 accedit
1058 1719 1101 1784 ad

96 1831 181 1897 illud
212 1832 460 1906 assumendum,
495 1831 656 1909 ostendit,
691 1852 727 1892 se
759 1851 824 1893 non
857 1841 934 1893 tunc
966 1828 1099 1895 Christo

96 1947 184 2008 uniri
212 1946 271 2009 sed
289 1947 360 2028 jam
388 1943 503 2026 perfici
527 1957 560 2008 et
582 1943 792 2008 dilectionem
816 1931 939 2008 unitam
963 1965 1038 2007 esse
1063 1955 1097 2012 ot

96 2063 134 2124 in
166 2059 319 2125 membris
352 2062 423 2144 ejus
454 2062 624 2123 transisse.
672 2058 726 2122 De
757 2057 818 2123 heo
849 2080 885 2122 re
917 2057 1014 2142 hujus
1045 2081 1099 2123 sa·

96 2177 257 2240 crementi
281 2175 365 2240 dixit
393 2175 554 2240 Dominus
577 2185 709 2238 noster:
742 2170 807 2248 Qui
830 2173 1003 2238 manducat
1028 2195 1097 2239 car·
1148 2257 1153 2266 ,

94 2311 171 2354 nem
193 2311 300 2354 meam
324 2303 356 2353 et
379 2289 460 2354 bibit
480 2292 673 2376 sanguinem
696 2310 820 2367 meum,
842 2290 876 2352 in
899 2311 952 2352 me
974 2301 1097 2354 manet.

95 2400 173 2468 Non
198 2403 238 2466 de
260 2417 465 2467 sacramento
488 2403 593 2482 dixit,
618 2405 694 2487 quia
714 2401 808 2465 multi
829 2402 870 2466 de
888 2424 1023 2484 corpore
1037 2424 1097 2468 suo

92 2527 191 2593 sunt,
222 2517 276 2599 qui
299 2515 361 2579 hoc
391 2529 628 2582 sacramentum
651 2537 716 2580 non
746 2505 909 2599 accipiunt
938 2530 970 2580 ct
1003 2517 1097 2583 multi

89 2629 276 2710 accipiunt,
300 2632 354 2712 qui
376 2631 448 2713 ejus
471 2629 617 2693 membra
640 2650 705 2693 nou
728 2641 817 2692 sunt.
855 2629 993 2710 Accepit
1009 2631 1096 2696 enim

89 2741 197 2806 ludas
216 2739 282 2804 boc
305 2755 565 2820 sacramentum,
588 2743 674 2805 sicut
695 2743 832 2807 Petrus:
864 2743 923 2806 sed
946 2723 1028 2806 unus
1052 2743 1095 2806 ad

90 2853 253 2932 salutem,
277 2853 361 2917 alter
385 2855 426 2917 ad
447 2867 598 2918 mortem.
642 2852 753 2930 Quare
775 2858 883 2941 magis
905 2858 937 2919 in
961 2866 1096 2936 000001

87 2971 170 3032 vino
193 2966 297 3031 voluit
320 2966 381 3031 boc
404 2980 640 3032 sacramentum
666 2969 816 3047 tradere,
849 2991 945 3050 quam
969 2970 1001 3030 in
1018 2966 1094 3032 aliis

87 3077 193 3159 cibis,
217 3079 305 3144 solet
327 3083 452 3164 quaeri.
496 3079 562 3144 Sed
591 3075 800 3147 manifestum
832 3095 900 3159 est,
931 3080 1015 3164 quod
1037 3103 1093 3162 pa·

85 3193 146 3256 nis
169 3192 309 3257 validior
331 3209 381 3257 est
409 3175 502 3259 cibus
531 3194 681 3266 omnibns
712 3193 787 3258 aliis
816 3193 898 3258 cibis
929 3208 961 3258 et
989 3196 1093 3279 magis

83 3317 263 3369 sustentat.
308 3305 403 3370 Unde
429 3329 490 3370 nec
510 3307 610 3390 plena
632 3309 769 3372 refectio
800 3329 862 3371 neo
884 3310 977 3390 copia
1002 3329 1092 3394 men·

82 3438 149 3481 sae
170 3430 281 3498 potest
303 3439 378 3482 csse
400 3421 473 3483 sine
495 3441 592 3500 pane.
637 3420 718 3484 Inde
748 3441 876 3503 quoque
905 3419 1091 3500 Prophetat
1160 3432 1166 3444 ⁸

82 3530 134 3594 Et
154 3516 267 3612 panis,
290 3533 420 3614 inquit,
438 3553 495 3596 cor
518 3532 657 3598 hominis
681 3533 862 3598 confirmat.
895 3531 1011 3596 Voluit
1027 3534 1091 3618 igi-

82 3658 145 3732 tur
167 3647 296 3709 tradere
320 3668 436 3729 corpus
458 3669 550 3712 suum
568 3648 602 3710 10
616 3651 727 3731 000010
747 3650 841 3730 00010
862 3651 970 3731 potius
995 3669 1090 3730 quana
1129 3654 1138 3672 '

81 3759 227 3824 alterius
257 3760 338 3840 cibi,
366 3774 403 3826 ut
431 3775 545 3845 aperte
574 3740 667 3828 daret
696 3764 860 3850 intelligi,
891 3765 975 3847 quod
1006 3764 1091 3826 sicut

77 3861 181 3936 cibus
203 3874 266 3938 iste
289 3873 461 3956 praevalet
482 3876 516 3939 in
539 3879 780 3940 sustentatione
803 3877 931 3959 corpori
952 3875 1089 3940 admini-¹
1178 3879 1180 3888 ’

78 3985 247 4066 strando,
281 3989 328 4053 sie
357 4001 596 4062 sacramentum
624 3991 713 4055 istud
741 4011 820 4074 praa
848 3992 970 4054 ceteris
998 3986 1089 4055 00101

833 4101 882 4199 Q.
