2806 4492
1059 217 1112 296 dd

114 399 194 458 onte
216 400 366 480 tempora
383 384 582 471 consistens,
606 409 675 456 noo
695 400 763 456 tam
781 384 819 458 in
839 385 916 459 loco
938 407 1013 460 esse
1032 387 1109 478 (lol.

112 502 174 576 4θρ
196 496 263 586 R.)
284 495 460 567 ducendos
490 511 556 576 est,
593 497 650 593 qni
682 497 870 568 nnllatenns
899 497 1013 570 localis
1044 516 1109 584 est,

73 604 78 612 '
114 608 217 708 'quam
233 608 272 678 in
294 633 331 709 se
354 622 471 696 cunctat
493 607 688 690 concludere
708 608 799 694 lma
825 609 1051 705 lll⁸⁰⁸.⁰fiam’
1072 627 1110 682 ut

114 721 272 819 scriptum
301 717 509 803 est,'coelos.
534 720 644 814 palmo
672 745 733 791 sno
763 721 933 792 continens
951 731 994 811 ¹).
1039 720 1109 811 Qoi
1207 801 1212 808 p

117 833 207 904 enim
228 847 302 902 ante
331 830 441 900 omnia
470 831 539 901 sine
567 829 641 910 loco
670 829 802 915 exstitit,
829 857 891 902 nec
905 823 976 902 'sibi
1003 833 1108 927 ipsios

83 944 268 1044 *modom
298 942 356 1013 sed
378 942 475 1013 nobis
497 941 569 1012 loca
588 940 771 1024 fabricavit,
800 945 891 1037 cujus
916 969 979 1016 nec
1007 946 1109 1018 minoi

116 1081 180 1128 nec
202 1053 314 1149 augeri
331 1054 501 1142 ¹beatitudo
522 1067 641 1148 potest,
661 1079 724 1123 nec
745 1049 846 1128 ollam
864 1055 1030 1152 pescipere
1051 1083 1107 1128 va·
1228 1071 1230 1079 “

115 1167 297 1250 riationem,
318 1165 441 1236 nnllam
455 1163 687 1260 perfectionem
705 1189 845 1261 qnoque,
866 1166 950 1238 sicot
970 1193 1107 1271 necpo·

115 1278 268 1348 sitionem
289 1276 387 1348 hahet
407 1275 555 1361 localem,
577 1279 668 1370 cnjus
691 1278 825 1347 omnino
847 1277 983 1373 simplex
1005 1296 1038 1352 et
1058 1282 1126 1352 in··
1224 1281 1227 1294 '

53 1465 57 1489 l
118 1412 277 1484 corporea
298 1404 483 1481 perseverat
504 1388 688 1462 aeternitas.
724 1387 809 1458 Coto
829 1389 927 1482 igitur
946 1415 1108 1486 nusquam
1222 1467 1227 1474 .

116 1500 159 1570 sit
180 1499 340 1583 localiter,
371 1498 392 1572 i.
413 1524 442 1592 e.
464 1498 627 1594 positione
647 1499 745 1570 locali
767 1500 961 1584 conclusos,
975 1501 1107 1596 'abique
1133 1510 1137 1518 ’
1162 1587 1168 1598 ἰ

115 1610 280 1680 tamenin
305 1610 455 1682 omnibns
476 1607 583 1696 locis„
598 1635 694 1707 qnam
718 1611 802 1680 eirca
824 1603 933 1682 omnia
953 1610 1027 1683 loca
1048 1632 1108 1708 per

96 1720 314 1817 'operationis
337 1721 514 1817 potentiam
537 1746 610 1793 esse
633 1721 757 1798 dicitur.
795 1722 926 1793 Etenim
947 1723 981 1794 in
1003 1727 1107 1802 omni·

114 1833 178 1903 bns
200 1832 281 1904 locis
303 1832 391 1903 nulla
417 1832 480 1903 nisi
508 1859 548 1904 eo
578 1833 771 1928 disponente
801 1851 970 1928 geruntur,
999 1853 1031 1906 et
1058 1836 1107 1908 sic
1197 1926 1202 1934 ,

114 1947 147 2040 ei
168 1943 242 2014 loca
263 1960 378 2014 concta
400 1945 584 2040 praesentia
606 1944 666 2014 sibi
688 1943 738 2013 vel
760 1941 831 2038 ipse
853 1944 924 2030 illis,
946 1962 981 2014 nt
1003 1947 1105 2041 qnod·
1188 1963 1193 1975 ‘

116 2081 243 2150 conque
265 2055 341 2126 velit
361 2056 409 2126 ibi
429 2055 498 2126 lieri
522 2079 658 2127 necesse
686 2054 744 2138 sit,
773 2068 807 2123 et
833 2054 880 2127 sic
905 2056 1042 2147 ubique,
1069 2044 1129 2128 nt

113 2169 237 2260 dictum
267 2183 332 2254 est,
362 2193 422 2266 per
448 2167 612 2262 potentiae
639 2189 720 2236 snae
747 2165 1001 2258 magnitudinem
1031 2192 1104 2250 esse

115 2278 241 2376 dicitur,
295 2278 391 2350 Unde
425 2279 475 2350 in
492 2294 600 2350 semet
631 2270 689 2374 per
722 2275 915 2372 prophetam
946 2276 1105 2374 loquitort

115 2390 255 2463 Coelmn
273 2401 306 2480 ²)
321 2407 365 2462 vet
391 2407 508 2462 terram
536 2415 604 2485 ego.
623 2390 760 2484 impleo,
787 2404 824 2478 et
841 2386 1006 2482 psalmista
1028 2415 1104 2460 nns-

115 2528 215 2597 qoam
235 2501 308 2572 irati
329 2502 508 2598 potentiam
529 2527 565 2573 se
594 2500 736 2594 elingere
765 2523 879 2592 posse.
894 2500 1104 2574 considerans

114 2614 258 2686 dicebats
306 2623 341 2704 ⁸)
364 2612 443 2704 Quo
472 2614 527 2686 ibo
554 2613 708 2708 aspirito
736 2626 792 2682 too
821 2623 853 2680 et
880 2635 947 2705 qno
975 2613 1104 2686 aiacis
1199 2687 1205 2698 ,
1251 2653 1253 2660 r

10 2717 11 2726 ἵ
113 2723 171 2796 tna
191 2723 326 2818 ingiam.
367 2723 405 2795 Si
426 2725 604 2820 ascendero
626 2724 660 2821 in
686 2721 828 2806 coelom,
854 2736 891 2792 tn
911 2721 1047 2808 illices,
1075 2724 1104 2796 si
1132 2802 1136 2810 ,

11 2869 27 2948 'p

13 2949 21 3099 l

114 2836 316 2908 descendero
342 2835 386 2904 ad
412 2820 589 2920 infernum,
623 2835 718 2918 ades,
748 2849 782 2903 et
810 2849 870 2908 cet.
928 2831 1032 2906 Sicut
1046 2859 1102 2904 ao-

114 2963 180 3020 tem
207 2947 242 3016 ln
270 2948 420 3053 omnibns
449 2947 530 3018 loeis
556 2947 606 3018 vel
627 2947 711 3016 intra
733 2947 842 3032 omnia
864 2971 923 3040 per
939 2948 1102 3041 potentiae

114 3084 194 3130 snae
209 3058 429 3152 operationem
446 3058 496 3129 vel
518 3058 763 3153 dispositionem
786 3057 901 3127 dicitnr
921 3081 1006 3139 esse,
1027 3056 1104 3152 qnia

15 3221 22 3276 ¹,
115 3167 263 3244 videlidet
284 3186 402 3240 cuncta
423 3169 467 3242 ibi
489 3169 540 3240 vel
563 3169 691 3265 disponi
713 3195 771 3265 per
793 3194 867 3238 eum
887 3191 1023 3237 necesse
1044 3182 1104 3248 est,

16 3295 26 3314 ”
114 3282 162 3354 sic
189 3279 298 3352 etiam*⁴
317 3282 390 3377 ipsa
409 3281 485 3352 loca
506 3281 704 3352 concludens
728 3281 814 3351 circa
834 3303 875 3349 ea
895 3277 1111 3346 nihilominus
1139 3357 1141 3360 ¹

18 3413 30 3486 p·
114 3392 267 3463 asseritur
293 3392 473 3476 esse,·hoc
501 3409 568 3478 est,
595 3392 643 3461 sic
664 3416 704 3483 en
725 3393 759 3462 in
780 3415 841 3461 soa
861 3389 1101 3484 potestate-ha·

112 3504 205 3591 ltere,
233 3518 270 3574 ut
296 3503 376 3574 nihil
405 3504 440 3574 in
468 3504 515 3574 eis
536 3503 608 3578 sine
626 3485 702 3599 ipso
724 3501 876 3596 velejos·
889 3500 1102 3596 dispositione

120 3755 168 3862 x1)'
180 3755 236 3816 Jes.
252 3753 314 3827 XL,
333 3758 375 3814 ln
553 3789 554 3793 =

127 3861 163 3933 2)
179 3861 240 3922 lem
251 3859 350 3930 xxltt,
365 3861 410 3917 24.
469 3903 475 3907 -

36 3948 42 3961 “
127 3959 531 4052 mosomense
591 3957 593 3962 ‘
