2798 4486
1099 195 1147 272 37

109 427 118 442 ,
143 393 210 467 pro
233 390 285 452 eo,
308 364 397 461 qnod
421 363 577 436 obedistis
598 378 773 460 praecepto
795 360 949 438 Jouadab
970 363 1070 462 patris
1092 392 1147 437 ve·

146 481 206 552 stri
237 496 270 550 et
291 476 477 548 custodistis
501 474 612 546 omnia
633 474 787 544 mandata
812 479 900 571 ejus,
929 477 1148 549 nondeficiet

144 596 196 666 uir
218 589 259 662 de
282 591 382 684 stirpe
403 587 567 672 Jonadab,
590 587 645 656 filii
667 586 814 673 Rechab,
838 605 928 660 stans
951 589 984 659 in
1008 615 1145 685 conspe-

146 721 201 776 ctu
223 727 298 772 meo
323 700 446 770 cunctis
468 699 590 773 diebus.
627 697 794 796 Numquid
815 717 846 771 et
864 728 918 772 rex
936 701 1095 772 Ezechias
1113 708 1144 797 ¹)

145 813 384 907 confringendo
413 829 596 907 serpentem
625 835 779 897 aeneum,
813 812 895 907 legis
924 830 1146 908 transgressor

145 926 274 1010 exstitit,
296 923 447 994 videlicet
463 922 666 994 laudabiliter
683 923 848 995 destructo
867 924 936 994 sine
956 942 1143 1022 praecepto,

144 1039 235 1138 quod
257 1037 375 1107 utiliter
390 1037 512 1106 lactum
526 1034 631 1104 luerat
648 1061 685 1104 ex
698 1054 885 1131 praecepto.
922 1035 1030 1106 David
1047 1038 1144 1107 etiarn

144 1179 221 1224 cum
243 1149 388 1246 psalmos
411 1148 454 1217 acl
477 1148 635 1217 honorem
660 1146 712 1216 dei
728 1147 921 1243 composuit,
943 1148 994 1218 vel
1010 1149 1143 1218 archam
1180 1239 1182 1246 Α

143 1262 271 1336 domini
293 1261 480 1333 solemniter
501 1257 536 1328 in
551 1257 734 1328 Jerusalem
749 1259 891 1345 adduxit,
914 1259 967 1330 vel
985 1250 1143 1331 salemon

142 1374 301 1470 templum
317 1372 440 1443 domini
462 1370 648 1454 construxit,
670 1387 767 1466 atque
791 1372 950 1443 dedicavit
968 1372 1012 1457 id,
1035 1375 1141 1468 prole·

141 1503 197 1558 cto
227 1501 378 1579 egerunt,
405 1483 494 1581 quod
523 1505 731 1578 nequaquam
757 1483 893 1579 Moyses
921 1489 1149 1579 praeceperat,
1262 1483 1270 1492 ⁵

140 1599 273 1669 Omnes
301 1621 432 1693 quoqne
454 1594 646 1691 prophetiae
668 1595 793 1689 absque
816 1587 991 1691 praecepto
1014 1595 1141 1692 Moysis

141 1708 346 1803 conscriptae
376 1722 454 1777 suut
485 1724 517 1777 et
545 1706 626 1800 legis
655 1706 715 1776 sihi
737 1707 891 1793 traditae,
919 1724 952 1778 et
972 1709 1142 1780 innumera

139 1839 219 1918 post
234 1821 377 1914 Moysen
400 1843 419 1889 a
442 1819 563 1888 sanctis
585 1818 729 1912 patribus
752 1819 804 1889 vel
827 1846 864 1889 ex
886 1837 1062 1916 praecepto
1081 1821 1140 1890 do-

22 1948 28 1959 '
139 1933 222 2004 mini
243 1932 292 2002 vel
315 1957 376 2026 pro
397 1929 569 2000 manifesta
592 1930 726 1999 utilitate
750 1947 826 2000 sunt
843 1947 926 2016 acta,
950 1957 1032 2027 quae
1056 1959 1140 2001 nun·
1216 1996 1223 2012 ,

104 2029 106 2034 ¹
141 2071 242 2142 qnam
267 2044 301 2113 in
329 2042 511 2138 praeceptis
534 2041 661 2136 Moysis
693 2042 907 2134 continentur.
950 2040 1028 2114 Non
1055 2043 1141 2112 enim

43 2163 46 2170 “
140 2157 176 2227 i'n
205 2157 255 2228 his
283 2181 366 2252 quae
395 2152 602 2224 manifestam
632 2153 751 2227 habeut
778 2153 944 2225 utilitatem
966 2170 1140 2249 praecepta

140 2267 267 2339 domini
299 2283 374 2338 sunt
402 2265 636 2361 exspectanda,
665 2290 727 2336 nec
753 2283 924 2360 peccatum
955 2283 1005 2336 est
1031 2265 1142 2352 {acere

139 2379 230 2477 quod
251 2405 319 2449 non
343 2395 392 2448 est
413 2395 633 2474 praeceptum,
656 2379 715 2448 sed
738 2377 846 2448 lacere
871 2395 983 2448 contra
1006 2404 1139 2474 praece·

137 2509 242 2588 ptum.
278 2490 434 2587 Alioquin
457 2517 518 2561 nec
542 2490 628 2559 diem
650 2516 749 2560 unam
766 2490 946 2584 praesentis
962 2490 1046 2561 vitae
1061 2516 1139 2586 pos·

139 2603 218 2673 setis
248 2602 426 2698 transigere
450 2628 511 2672 nec
534 2602 878 2671 domesticamcuram
900 2628 968 2672 uuo
991 2602 1043 2672 die
1066 2629 1139 2697 per·

139 2738 254 2807 agere,
283 2741 357 2784 cum
385 2713 486 2782 multa
516 2739 577 2784 nos
607 2739 703 2806 agere
732 2739 816 2808 opus
847 2714 889 2784 sit
916 2715 967 2785 vel
998 2701 1137 2785 emendo

108 2810 114 2826 ⁸
136 2825 190 2896 vel
210 2825 410 2920 negotiando
433 2824 484 2895 vel
508 2825 548 2895 de
571 2825 729 2896 hocloco
755 2826 797 2895 ad
820 2826 909 2895 illurn
926 2828 1137 2911 transeundo,
1186 2897 1189 2908 ,

137 2937 190 3007 v'el
214 2935 352 3032 denique
376 2935 584 3007 comedendo
605 2938 672 3008 sive
695 2937 766 3026 (lol.
783 2947 836 3013 17.
849 2938 909 3029 R.)
933 2939 1136 3022 dormiendo,

138 3051 224 3144 quae
248 3075 315 3118 nou
339 3037 498 3119 habentur
519 3048 552 3116 in
567 3066 752 3143 praecepto.
790 3049 965 3120 Praeterea
981 3050 1052 3146 quis
1068 3075 1136 3119 uon

134 3160 256 3242 videat,
279 3159 307 3227 si
321 3158 393 3254 plns
409 3159 458 3230 vel
474 3161 592 3245 minus,
613 3186 711 3256 qnam
726 3149 861 3258 Moyses
876 3162 1052 3258 praecepit,
1067 3189 1136 3233 uon
1153 3176 1161 3182 ’

135 3270 180 3344 sit
200 3271 393 3356 laciendum,
416 3297 541 3357 omnes,
564 3274 621 3367 qui
642 3272 750 3367 legem
772 3275 969 3358 custodiunt,
991 3274 1135 3371 aequalis

135 3409 212 3456 esse
241 3383 363 3468 meriti,
390 3411 452 3455 nec
481 3385 565 3454 iuter
587 3409 644 3454 cos
673 3386 808 3456 alterum
838 3386 938 3457 altero
966 3386 1136 3457 meliorem

135 3496 300 3579 exsistere,
323 3521 462 3590 quornm
480 3496 593 3566 merita
611 3522 679 3566 non
694 3516 834 3592 possunt
851 3498 1034 3593 inaequalia
1052 3506 1150 3569 essc·'

133 3607 234 3678 Patet
260 3607 356 3702 igitur
384 3635 421 3680 ex
443 3608 646 3704 praemissis,
676 3611 765 3704 quod
787 3609 877 3680 nullo
907 3611 1006 3681 modo
1029 3610 1135 3704 perse·
1172 3705 1174 3708 Ι

134 3720 280 3791 ctionem
302 3718 383 3815 legis
404 3747 465 3819 per
485 3721 550 3794 hoc
573 3738 667 3818 potes
691 3723 920 3793 commendare
939 3723 1028 3818 quod
1043 3722 1133 3794 intel-

152 3973 186 4040 1)
206 3969 317 4028 metas.
352 3969 453 4048 ung.
471 3969 570 4042 xvnr,
589 3977 613 4029 s.
