2798 4486
1110 181 1160 258 ts

158 349 219 420 dns
244 364 303 432 est,
327 364 362 418 nt
385 346 462 444 qnid
485 345 541 416 tihi
565 343 797 444 quaerendum,
823 347 900 444 quid
923 348 1001 420 mihi
1023 376 1159 448 respon·

159 461 303 542 dendum
327 461 385 544 sit,
408 460 477 556 ipse
502 458 653 529 dominus
683 458 832 562 inspiret,
864 461 918 556 qui
948 460 1014 530 vult
1043 489 1159 536 omnes

159 573 309 644 homines
346 572 455 644 salvos
484 570 551 640 lieri
580 587 612 642 ct
640 570 683 640 ad
711 571 928 664 cognitionem
959 574 1009 644 sui
1039 576 1159 652 venire.

158 681 254 756 Nunc
277 685 390 777 igitur,
413 685 441 754 si
465 683 585 778 placet,
607 709 682 752 cum
706 683 746 752 ad
770 683 1002 780 perfectionem
1026 704 1159 760 nostras

158 796 239 890 legis
269 813 333 868 tam
359 794 563 892 evangelicae
593 795 716 866 scilicet
746 821 840 892 quam
870 798 1071 894 apostolicae
1100 801 1159 869 do·

160 911 281 982 ctrinae
301 910 346 980 sis
365 917 518 998 πίθοις,
541 907 626 977 hanc
645 908 784 1003 primum
802 908 1013 1004 inspiciamus
1035 907 1067 983 et
1085 939 1160 983 curn

161 1021 275 1090 ceteris
300 1020 505 1092 conseramus
530 1015 680 1090 omnibus
711 1020 879 1104 doctrinis,
911 1037 945 1092 nt
966 1022 994 1092 si
1017 1023 1102 1094 hanc
1124 1025 1159 1094 in
1230 1038 1234 1046 '

161 1129 239 1216 illis,
273 1159 357 1228 quae
377 1131 571 1224 justificant,
600 1132 781 1227 praeceptis
808 1132 858 1202 vel
881 1133 1163 1205 exhortationihus

158 1244 386 1340 perfectiorem
409 1243 543 1326 videris,
571 1269 641 1314 cam
666 1244 748 1314 sicut
770 1260 898 1340 oportet
920 1246 1023 1338 magis
1048 1245 1159 1340 eligas.

72 1399 75 1408 ·
161 1354 263 1446 Quod
293 1373 324 1426 et
347 1380 444 1450 supra
474 1372 632 1426 memorat
653 1356 762 1456 rhetor
784 1373 892 1428 vester
914 1356 955 1427 de
979 1358 1161 1443 contrariis,

162 1483 197 1536 nt
220 1467 341 1553 dixisti,
368 1467 494 1560 legibus
522 1492 641 1560 agens,
672 1467 812 1538 consulit
842 1468 971 1540 dicens:
1001 1469 1038 1538 si
1067 1469 1159 1565 leges

161 1578 243 1650 duae
266 1579 316 1650 vel
339 1579 448 1676 plures
471 1579 591 1648 servari
614 1606 682 1650 non
705 1595 853 1676 possunt,
877 1582 952 1679 quia
976 1581 1161 1680 discrepant

159 1690 242 1760 inter
270 1718 324 1776 se,
355 1717 393 1760 ea
422 1690 557 1785 maxime
588 1691 811 1763 conservanda
832 1708 978 1788 putetur,
1009 1719 1092 1791 quae
1116 1695 1160 1764 ad

159 1803 313 1872 maximas
336 1830 389 1874 res
412 1802 572 1899 pertinere
596 1801 732 1873 videtur.

250 1915 404 2001 Philus.
449 1911 536 1984 Nihil
560 1913 624 1984 hoc
648 1913 786 1984 consilio
809 1914 1008 2010 probabilius
1032 1933 1064 1988 et
1079 1918 1159 1987 nihil
1256 1977 1257 1984 ,

97 2099 99 2106 Α
164 2025 291 2096 stultius
321 2053 416 2124 quam
446 2028 487 2100 ab
518 2025 658 2123 antiquis
688 2025 729 2096 ad
759 2050 861 2096 novas
884 2027 1036 2097 recedere
1058 2028 1159 2124 leges,

162 2137 226 2206 nisi
255 2138 409 2212 doctrina·
431 2139 590 2242 potiores..
641 2133 736 2228 Quas
765 2137 913 2210 videlicet
939 2163 1041 2208 novas
1067 2138 1158 2231 leges

161 2249 216 2344 qui
233 2267 494 2348 composuerunt,
514 2265 602 2321 tanto
614 2275 674 2320 eas
695 2251 820 2320 cautius
836 2275 875 2322 ac
891 2249 1063 2346 perfectius
1081 2255 1158 2320 scri-

160 2361 236 2433 here
259 2365 444 2458 potnerunt,
468 2379 590 2460 quanto
613 2365 678 2458 jam
700 2362 844 2458 priorum
861 2361 969 2456 legum
989 2362 1160 2456 disciplina

160 2473 286 2570 etipsa
308 2476 566 2548 necessariarum
588 2501 695 2572 rerum
718 2474 915 2568 experientia
938 2475 1085 2545 instructi
1111 2475 1159 2544 sa·

162 2585 231 2671 cile,
255 2614 337 2685 quae
356 2588 500 2672 deerant,
523 2613 562 2657 ex
581 2585 712 2682 proprio
731 2585 852 2655 addere
871 2602 1046 2698 potuerunt
1068 2587 1158 2679 inge·
1255 2589 1257 2594 ’

161 2698 233 2784 nio,
262 2700 346 2770 sicut
368 2699 464 2772 ctiam
493 2699 527 2769 in
552 2698 666 2768 ceteris
692 2697 849 2790 contingit
869 2697 1060 2794 prophetiae
1090 2700 1157 2788 [vel

161 2809 404 2906 philosophiae]
424 2809 612 2906 disciplinis.
649 2809 739 2880 Tum
754 2827 862 2880 autem
877 2810 918 2886 de
942 2809 1015 2900 (sol.
1032 2820 1084 2885 20.
1099 2810 1157 2902 R.)

159 2921 358 3015 perfectione
386 2924 602 3020 posteriorum
630 2924 825 3018 scriptorum
845 2923 982 2996 maxime
1007 2941 1057 2993 est
1079 2950 1157 2993 cou-

160 3031 337 3119 fidendum,
359 3036 385 3104 si
409 3033 560 3106 moderni
582 3033 755 3128 scriptores
779 3059 919 3130 aequare
941 3035 1079 3127 ingeniis
1100 3059 1157 3103 an-

160 3141 269 3238 tiquos
292 3146 464 3240 potuerint.
505 3143 571 3216 Sed
597 3145 676 3241 quid
698 3146 725 3214 si
742 3145 825 3216 sorte
841 3147 931 3242 ipsos
949 3139 1043 3216 etiarn
1059 3144 1157 3239 louge

162 3257 392 3330 transcendere
416 3258 612 3353 sperandum
637 3259 706 3327 cst?
752 3255 853 3347 Quod
877 3256 1024 3352 prolecto
1048 3257 1089 3326 de
1113 3257 1156 3326 le·

163 3365 316 3458 gislatore
344 3369 494 3439 videlicet
517 3366 663 3453 Christo,
691 3373 793 3464 quem¹
815 3368 921 3464 ipsam
951 3369 1003 3438 dei
1030 3369 1158 3464 sapien-

161 3476 238 3548 tiam
270 3467 390 3566 dicitis,
426 3505 634 3576 nequaquam
664 3481 826 3558 dubitatis.
876 3481 929 3551 De
959 3507 1025 3577 qno
1061 3481 1157 3552 etiam

160 3585 226 3658 Joh
249 3607 397 3662 nostrum
420 3610 517 3662 antea
540 3594 695 3664 cecinisse
718 3595 859 3663 asseritis
881 3601 929 3684 ¹)=
966 3592 1053 3663 Ecce
1077 3593 1158 3662 deus

160 3700 195 3770 iu
222 3701 412 3774 fortitudine
442 3729 502 3776 sna
531 3720 563 3776 ct
591 3705 699 3774 nullus
723 3704 753 3774 ei
774 3705 887 3777 similis
909 3705 943 3775 iu
966 3703 1158 3798 legislatori·

158 3863 357 3882 m

177 3951 210 4023 l)
229 3951 298 4011 lliob
315 3952 506 4023 XXXV1,22.
