<?xml version="1.0" encoding="UTF-8"?>
<!DOCTYPE html PUBLIC "-//W3C//DTD XHTML 1.0 Transitional//EN"
    "http://www.w3.org/TR/xhtml1/DTD/xhtml1-transitional.dtd">
<html xmlns="http://www.w3.org/1999/xhtml" xml:lang="en" lang="en">
 <head>
  <title>
</title>
<meta http-equiv="Content-Type" content="text/html;charset=utf-8" />
  <meta name='ocr-system' content='tesseract 3.04.00' />
  <meta name='ocr-capabilities' content='ocr_page ocr_carea ocr_par ocr_line ocrx_word'/>
</head>
<body>
  <div class='ocr_page' id='page_1' title='image "./dialogusinterph00abelgoog_0059.png"; bbox 0 0 2798 4486; ppageno 0'>
   <div class='ocr_carea' id='block_1_1' title="bbox 1104 165 1153 242">
    <p class='ocr_par' dir='ltr' id='par_1_1' title="bbox 1104 165 1153 242">
     <span class='ocr_line' id='line_1_1' title="bbox 1104 165 1153 242; baseline 0.02 -1"><span class='ocrx_word' id='word_1_1' title='bbox 1104 165 1153 242; x_wconf 73' lang='grc'>11</span> 
     </span>
    </p>
   </div>
   <div class='ocr_carea' id='block_1_2' title="bbox 153 333 1156 756">
    <p class='ocr_par' dir='ltr' id='par_1_2' title="bbox 153 333 1156 756">
     <span class='ocr_line' id='line_1_2' title="bbox 153 333 1156 429; baseline 0.001 -22"><span class='ocrx_word' id='word_1_2' title='bbox 153 337 245 407; x_wconf 86' lang='lat' dir='ltr'>idem</span> <span class='ocrx_word' id='word_1_3' title='bbox 279 336 356 406; x_wconf 88' lang='lat' dir='ltr'>aIibi</span> <span class='ocrx_word' id='word_1_4' title='bbox 384 349 618 404; x_wconf 81' lang='lat' dir='ltr'>commemorat</span> <span class='ocrx_word' id='word_1_5' title='bbox 649 348 765 404; x_wconf 50' lang='lat' dir='ltr'>vester¹</span> <span class='ocrx_word' id='word_1_6' title='bbox 782 333 945 429; x_wconf 85' lang='lat' dir='ltr'>propheta</span> <span class='ocrx_word' id='word_1_7' title='bbox 964 339 995 429; x_wconf 84' lang='lat'>²)</span> <span class='ocrx_word' id='word_1_8' title='bbox 1024 336 1156 408; x_wconf 85' lang='lat' dir='ltr'>dicens:</span> 
     </span>
     <span class='ocr_line' id='line_1_3' title="bbox 155 445 1155 542; baseline 0.004 -25"><span class='ocrx_word' id='word_1_9' title='bbox 155 446 331 542; x_wconf 83' lang='lat' dir='ltr'>Castigans</span> <span class='ocrx_word' id='word_1_10' title='bbox 369 447 537 540; x_wconf 68' lang='lat' dir='ltr'>castigavit</span> <span class='ocrx_word' id='word_1_11' title='bbox 571 473 624 517; x_wconf 89' lang='lat' dir='ltr'>me</span> <span class='ocrx_word' id='word_1_12' title='bbox 662 445 812 516; x_wconf 89' lang='lat' dir='ltr'>dominus</span> <span class='ocrx_word' id='word_1_13' title='bbox 846 461 888 516; x_wconf 89' lang='lat' dir='ltr'>et.</span> <span class='ocrx_word' id='word_1_14' title='bbox 922 475 966 516; x_wconf 91' lang='lat' dir='ltr'>m.</span> <span class='ocrx_word' id='word_1_15' title='bbox 998 475 1030 518; x_wconf 90' lang='lat' dir='ltr'>n.</span> <span class='ocrx_word' id='word_1_16' title='bbox 1053 459 1083 519; x_wconf 86' lang='lat' dir='ltr'>t.</span> <span class='ocrx_word' id='word_1_17' title='bbox 1110 477 1155 522; x_wconf 88' lang='lat' dir='ltr'>m.</span> 
     </span>
     <span class='ocr_line' id='line_1_4' title="bbox 153 543 1156 655; baseline 0.001 -24"><span class='ocrx_word' id='word_1_18' title='bbox 153 559 227 632; x_wconf 87' lang='lat' dir='ltr'>Nee</span> <span class='ocrx_word' id='word_1_19' title='bbox 264 587 317 655; x_wconf 87' lang='lat' dir='ltr'>me</span> <span class='ocrx_word' id='word_1_20' title='bbox 351 585 450 655; x_wconf 88' lang='lat' dir='ltr'>super</span> <span class='ocrx_word' id='word_1_21' title='bbox 478 559 605 628; x_wconf 89' lang='lat' dir='ltr'>animae</span> <span class='ocrx_word' id='word_1_22' title='bbox 633 583 726 627; x_wconf 88' lang='lat' dir='ltr'>meae</span> <span class='ocrx_word' id='word_1_23' title='bbox 756 543 859 628; x_wconf 88' lang='lat' dir='ltr'>salute</span> <span class='ocrx_word' id='word_1_24' title='bbox 888 558 1081 654; x_wconf 89' lang='lat' dir='ltr'>inquirendo</span> <span class='ocrx_word' id='word_1_25' title='bbox 1113 561 1156 632; x_wconf 86' lang='lat' dir='ltr'>de</span> 
     </span>
     <span class='ocr_line' id='line_1_5' title="bbox 153 656 1155 756; baseline 0.002 -14"><span class='ocrx_word' id='word_1_26' title='bbox 153 673 222 742; x_wconf 81' lang='lat' dir='ltr'>fide</span> <span class='ocrx_word' id='word_1_27' title='bbox 248 689 303 741; x_wconf 89' lang='lat' dir='ltr'>tna</span> <span class='ocrx_word' id='word_1_28' title='bbox 334 699 393 742; x_wconf 87' lang='lat' dir='ltr'>seu</span> <span class='ocrx_word' id='word_1_29' title='bbox 415 667 478 740; x_wconf 80' lang='lat' dir='ltr'>fide</span> <span class='ocrx_word' id='word_1_30' title='bbox 501 696 575 756; x_wconf 86' lang='lat' dir='ltr'>mea¹</span> <span class='ocrx_word' id='word_1_31' title='bbox 598 656 801 743; x_wconf 80' lang='lat' dir='ltr'>consuluisse</span> <span class='ocrx_word' id='word_1_32' title='bbox 825 671 902 740; x_wconf 88' lang='lat' dir='ltr'>satis</span> <span class='ocrx_word' id='word_1_33' title='bbox 915 673 1072 742; x_wconf 80' lang='lat' dir='ltr'>arbitror.</span> <span class='ocrx_word' id='word_1_34' title='bbox 1116 674 1155 744; x_wconf 89' lang='lat' dir='ltr'>In</span> 
     </span>
    </p>
   </div>
   <div class='ocr_carea' id='block_1_3' title="bbox 41 779 1156 883">
    <p class='ocr_par' dir='ltr' id='par_1_3' title="bbox 41 779 1156 883">
     <span class='ocr_line' id='line_1_6' title="bbox 41 779 1156 883; baseline 0.001 -28"><span class='ocrx_word' id='word_1_35' title='bbox 41 779 43 783; x_wconf 39' lang='lat'>¹</span> <span class='ocrx_word' id='word_1_36' title='bbox 155 811 220 883; x_wconf 89' lang='lat' dir='ltr'>qna</span> <span class='ocrx_word' id='word_1_37' title='bbox 239 785 370 881; x_wconf 89' lang='lat' dir='ltr'>quidem</span> <span class='ocrx_word' id='word_1_38' title='bbox 390 801 521 855; x_wconf 88' lang='lat' dir='ltr'>nostrae</span> <span class='ocrx_word' id='word_1_39' title='bbox 539 781 785 854; x_wconf 82' lang='lat' dir='ltr'>consultationis</span> <span class='ocrx_word' id='word_1_40' title='bbox 804 782 1028 871; x_wconf 26' lang='lat' dir='ltr'>collationetid</span> <span class='ocrx_word' id='word_1_41' title='bbox 1048 802 1156 856; x_wconf 89' lang='lat' dir='ltr'>actum</span> 
     </span>
    </p>
   </div>
   <div class='ocr_carea' id='block_1_4' title="bbox 133 893 1183 1902">
    <p class='ocr_par' dir='ltr' id='par_1_4' title="bbox 133 893 1183 1890">
     <span class='ocr_line' id='line_1_7' title="bbox 155 893 1156 992; baseline -0.001 -24"><span class='ocrx_word' id='word_1_42' title='bbox 155 923 229 968; x_wconf 91' lang='lat' dir='ltr'>esse</span> <span class='ocrx_word' id='word_1_43' title='bbox 251 896 430 992; x_wconf 78' lang='lat' dir='ltr'>perpendo,</span> <span class='ocrx_word' id='word_1_44' title='bbox 453 911 489 966; x_wconf 90' lang='lat' dir='ltr'>nt</span> <span class='ocrx_word' id='word_1_45' title='bbox 510 921 572 966; x_wconf 89' lang='lat' dir='ltr'>nec</span> <span class='ocrx_word' id='word_1_46' title='bbox 594 893 868 986; x_wconf 82' lang='lat' dir='ltr'>autoritate&#39;legis</span> <span class='ocrx_word' id='word_1_47' title='bbox 891 911 964 965; x_wconf 89' lang='lat' dir='ltr'>tuae</span> <span class='ocrx_word' id='word_1_48' title='bbox 989 897 1059 981; x_wconf 91' lang='lat' dir='ltr'>etsi,</span> <span class='ocrx_word' id='word_1_49' title='bbox 1083 924 1156 984; x_wconf 85' lang='lat' dir='ltr'>eam</span> 
     </span>
     <span class='ocr_line' id='line_1_8' title="bbox 155 1006 1183 1103; baseline -0.002 -24"><span class='ocrx_word' id='word_1_50' title='bbox 155 1033 176 1079; x_wconf 91' lang='lat' dir='ltr'>a</span> <span class='ocrx_word' id='word_1_51' title='bbox 200 1009 262 1078; x_wconf 89' lang='lat' dir='ltr'>deo</span> <span class='ocrx_word' id='word_1_52' title='bbox 282 1009 390 1079; x_wconf 90' lang='lat' dir='ltr'>datam</span> <span class='ocrx_word' id='word_1_53' title='bbox 414 1008 559 1103; x_wconf 83' lang='lat' dir='ltr'>recipias,</span> <span class='ocrx_word' id='word_1_54' title='bbox 583 1033 783 1102; x_wconf 73' lang='lat' dir='ltr'><strong>cognoscere</strong></span> <span class='ocrx_word' id='word_1_55' title='bbox 800 1008 918 1100; x_wconf 90' lang='lat' dir='ltr'>possis,</span> <span class='ocrx_word' id='word_1_56' title='bbox 941 1006 984 1076; x_wconf 87' lang='lat' dir='ltr'>ad</span> <span class='ocrx_word' id='word_1_57' title='bbox 1003 1011 1071 1101; x_wconf 86' lang='lat' dir='ltr'>ejus</span> <span class='ocrx_word' id='word_1_58' title='bbox 1088 1033 1156 1078; x_wconf 87' lang='lat' dir='ltr'>sar·</span> <span class='ocrx_word' id='word_1_59' title='bbox 1178 1085 1183 1091; x_wconf 55' lang='grc'><em>,</em></span> 
     </span>
     <span class='ocr_line' id='line_1_9' title="bbox 156 1119 1158 1215; baseline -0.002 -23"><span class='ocrx_word' id='word_1_60' title='bbox 156 1120 267 1192; x_wconf 88' lang='lat' dir='ltr'>cinam</span> <span class='ocrx_word' id='word_1_61' title='bbox 289 1131 341 1191; x_wconf 84' lang='lat' dir='ltr'>me</span> <span class='ocrx_word' id='word_1_62' title='bbox 364 1123 482 1192; x_wconf 88' lang='lat' dir='ltr'>debere</span> <span class='ocrx_word' id='word_1_63' title='bbox 503 1119 699 1203; x_wconf 77' lang='lat' dir='ltr'><strong>submittere,</strong></span> <span class='ocrx_word' id='word_1_64' title='bbox 722 1135 877 1214; x_wconf 90' lang='lat' dir='ltr'>tanquam</span> <span class='ocrx_word' id='word_1_65' title='bbox 897 1119 951 1203; x_wconf 86' lang='lat' dir='ltr'>itti,</span> <span class='ocrx_word' id='word_1_66' title='bbox 975 1145 1072 1215; x_wconf 88' lang='lat' dir='ltr'>quarn</span> <span class='ocrx_word' id='word_1_67' title='bbox 1096 1146 1158 1191; x_wconf 87' lang='lat' dir='ltr'>no·</span> 
     </span>
     <span class='ocr_line' id='line_1_10' title="bbox 133 1231 1157 1328; baseline 0 -26"><span class='ocrx_word' id='word_1_68' title='bbox 133 1232 220 1302; x_wconf 83' lang='lat' dir='ltr'>Ins</span> <span class='ocrx_word' id='word_1_69' title='bbox 231 1231 378 1328; x_wconf 78' lang='lat' dir='ltr'>exemplo</span> <span class='ocrx_word' id='word_1_70' title='bbox 398 1259 448 1303; x_wconf 84' lang='lat' dir='ltr'>sur</span> <span class='ocrx_word' id='word_1_71' title='bbox 439 1233 523 1302; x_wconf 93' lang='lat' dir='ltr'>Iob</span> <span class='ocrx_word' id='word_1_72' title='bbox 545 1231 746 1327; x_wconf 87' lang='lat' dir='ltr'>praescribit,</span> <span class='ocrx_word' id='word_1_73' title='bbox 768 1231 830 1324; x_wconf 83' lang='lat' dir='ltr'>legi</span> <span class='ocrx_word' id='word_1_74' title='bbox 854 1231 1027 1326; x_wconf 88' lang='lat' dir='ltr'>quiequam</span> <span class='ocrx_word' id='word_1_75' title='bbox 1042 1258 1157 1302; x_wconf 90' lang='lat' dir='ltr'>neces·</span> 
     </span>
     <span class='ocr_line' id='line_1_11' title="bbox 156 1341 1157 1449; baseline 0 -35"><span class='ocrx_word' id='word_1_76' title='bbox 156 1344 278 1426; x_wconf 75' lang='lat' dir='ltr'>sarium</span> <span class='ocrx_word' id='word_1_77' title='bbox 301 1345 343 1414; x_wconf 90' lang='lat' dir='ltr'>sit</span> <span class='ocrx_word' id='word_1_78' title='bbox 364 1344 451 1428; x_wconf 87' lang='lat' dir='ltr'>addi,</span> <span class='ocrx_word' id='word_1_79' title='bbox 477 1359 533 1413; x_wconf 90' lang='lat' dir='ltr'>aut</span> <span class='ocrx_word' id='word_1_80' title='bbox 554 1341 598 1411; x_wconf 90' lang='lat' dir='ltr'>iIIi</span> <span class='ocrx_word' id='word_1_81' title='bbox 621 1368 748 1412; x_wconf 90' lang='lat' dir='ltr'>morum</span> <span class='ocrx_word' id='word_1_82' title='bbox 771 1341 978 1449; x_wconf 78' lang='lat' dir='ltr'>disciplinae,</span> <span class='ocrx_word' id='word_1_83' title='bbox 993 1369 1091 1439; x_wconf 88' lang='lat' dir='ltr'>qnam</span> <span class='ocrx_word' id='word_1_84' title='bbox 1115 1344 1157 1414; x_wconf 77' lang='lat' dir='ltr'>de</span> 
     </span>
     <span class='ocr_line' id='line_1_12' title="bbox 156 1446 1158 1550; baseline 0 -24"><span class='ocrx_word' id='word_1_85' title='bbox 156 1454 326 1526; x_wconf 79' lang='lat' dir='ltr'>virtutibus</span> <span class='ocrx_word' id='word_1_86' title='bbox 350 1446 393 1526; x_wconf 88' lang='lat' dir='ltr'>ad</span> <span class='ocrx_word' id='word_1_87' title='bbox 416 1453 648 1526; x_wconf 81' lang='lat' dir='ltr'>beatitudinem</span> <span class='ocrx_word' id='word_1_88' title='bbox 668 1451 901 1525; x_wconf 80' lang='lat' dir='ltr'>sufficientibus</span> <span class='ocrx_word' id='word_1_89' title='bbox 925 1454 1065 1550; x_wconf 81' lang='lat' dir='ltr'>posteris</span> <span class='ocrx_word' id='word_1_90' title='bbox 1082 1481 1158 1550; x_wconf 89' lang='lat' dir='ltr'>pro·</span> 
     </span>
     <span class='ocr_line' id='line_1_13' title="bbox 156 1566 1160 1664; baseline 0.001 -27"><span class='ocrx_word' id='word_1_91' title='bbox 156 1568 276 1662; x_wconf 89' lang='lat' dir='ltr'>phetae</span> <span class='ocrx_word' id='word_1_92' title='bbox 311 1569 415 1639; x_wconf 79' lang='lat' dir='ltr'>nostri</span> <span class='ocrx_word' id='word_1_93' title='bbox 449 1568 657 1664; x_wconf 86' lang='lat' dir='ltr'>reliquerunt.</span> <span class='ocrx_word' id='word_1_94' title='bbox 712 1566 765 1637; x_wconf 87' lang='lat' dir='ltr'>De</span> <span class='ocrx_word' id='word_1_95' title='bbox 800 1591 864 1664; x_wconf 86' lang='lat' dir='ltr'>quo</span> <span class='ocrx_word' id='word_1_96' title='bbox 895 1593 982 1636; x_wconf 91' lang='lat' dir='ltr'>nunc</span> <span class='ocrx_word' id='word_1_97' title='bbox 1009 1585 1160 1664; x_wconf 78' lang='lat' dir='ltr'>superest</span> 
     </span>
     <span class='ocr_line' id='line_1_14' title="bbox 157 1678 1159 1783; baseline 0 -35"><span class='ocrx_word' id='word_1_98' title='bbox 157 1681 340 1783; x_wconf 72' lang='lat' dir='ltr'>praeseptis</span> <span class='ocrx_word' id='word_1_99' title='bbox 363 1681 478 1775; x_wconf 85' lang='lat' dir='ltr'>judicis</span> <span class='ocrx_word' id='word_1_100' title='bbox 502 1681 695 1749; x_wconf 89' lang='lat' dir='ltr'>sententiam</span> <span class='ocrx_word' id='word_1_101' title='bbox 725 1678 854 1764; x_wconf 87' lang='lat' dir='ltr'>andire,</span> <span class='ocrx_word' id='word_1_102' title='bbox 883 1679 933 1750; x_wconf 80' lang='lat' dir='ltr'>veI</span> <span class='ocrx_word' id='word_1_103' title='bbox 964 1681 1051 1774; x_wconf 90' lang='lat' dir='ltr'>quod</span> <span class='ocrx_word' id='word_1_104' title='bbox 1080 1679 1159 1749; x_wconf 89' lang='lat' dir='ltr'>mihi</span> 
     </span>
     <span class='ocr_line' id='line_1_15' title="bbox 160 1789 1160 1902; baseline 0.001 -41"><span class='ocrx_word' id='word_1_105' title='bbox 160 1810 308 1902; x_wconf 81' lang='lat' dir='ltr'>superest</span> <span class='ocrx_word' id='word_1_106' title='bbox 330 1810 461 1863; x_wconf 88' lang='lat' dir='ltr'>nostrae</span> <span class='ocrx_word' id='word_1_107' title='bbox 480 1791 696 1890; x_wconf 84' lang='lat' dir='ltr'>inquisitionis</span> <span class='ocrx_word' id='word_1_108' title='bbox 720 1817 855 1890; x_wconf 83' lang='lat' dir='ltr'>operam</span> <span class='ocrx_word' id='word_1_109' title='bbox 878 1792 920 1862; x_wconf 91' lang='lat' dir='ltr'>ad</span> <span class='ocrx_word' id='word_1_110' title='bbox 938 1789 1160 1863; x_wconf 86' lang='lat' dir='ltr'>Christianum</span> 
     </span>
    </p>
   </div>
   <div class='ocr_carea' id='block_1_5' title="bbox 20 1903 344 1980">
    <p class='ocr_par' dir='ltr' id='par_1_5' title="bbox 20 1903 344 1980">
     <span class='ocr_line' id='line_1_16' title="bbox 20 1903 344 1980; baseline 0.019 -12"><span class='ocrx_word' id='word_1_111' title='bbox 20 1965 22 1968; x_wconf 84' lang='lat'>.</span> <span class='ocrx_word' id='word_1_112' title='bbox 84 1909 89 1916; x_wconf 49' lang='lat'><em>¹</em></span> <span class='ocrx_word' id='word_1_113' title='bbox 109 1975 112 1980; x_wconf 17' lang='grc' dir='ltr'><strong><em>Δ</em></strong></span> <span class='ocrx_word' id='word_1_114' title='bbox 159 1903 344 1974; x_wconf 80' lang='lat' dir='ltr'>transferre.</span> 
     </span>
    </p>
   </div>
   <div class='ocr_carea' id='block_1_6' title="bbox 160 2013 1160 2223">
    <p class='ocr_par' dir='ltr' id='par_1_6' title="bbox 160 2013 1160 2223">
     <span class='ocr_line' id='line_1_17' title="bbox 248 2013 1159 2109; baseline 0.001 -25"><span class='ocrx_word' id='word_1_115' title='bbox 248 2017 293 2106; x_wconf 88' lang='lat' dir='ltr'>[J</span> <span class='ocrx_word' id='word_1_116' title='bbox 301 2016 432 2107; x_wconf 87' lang='lat' dir='ltr'>udex]</span> <span class='ocrx_word' id='word_1_117' title='bbox 470 2015 749 2089; x_wconf 83' lang='lat' dir='ltr'>Assorunt·ambo</span> <span class='ocrx_word' id='word_1_118' title='bbox 773 2016 876 2084; x_wconf 91' lang='lat' dir='ltr'>nostri</span> <span class='ocrx_word' id='word_1_119' title='bbox 898 2013 1006 2109; x_wconf 88' lang='lat' dir='ltr'>judicii</span> <span class='ocrx_word' id='word_1_120' title='bbox 1028 2031 1159 2086; x_wconf 88' lang='lat' dir='ltr'>senten·</span> 
     </span>
     <span class='ocr_line' id='line_1_18' title="bbox 160 2125 1160 2223; baseline 0 -26"><span class='ocrx_word' id='word_1_121' title='bbox 160 2126 237 2198; x_wconf 90' lang='lat' dir='ltr'>tiam</span> <span class='ocrx_word' id='word_1_122' title='bbox 274 2129 429 2223; x_wconf 88' lang='lat' dir='ltr'>excipere.</span> <span class='ocrx_word' id='word_1_123' title='bbox 485 2128 559 2221; x_wconf 84' lang='lat' dir='ltr'>Ego</span> <span class='ocrx_word' id='word_1_124' title='bbox 592 2152 670 2198; x_wconf 82' lang='lat' dir='ltr'>vero</span> <span class='ocrx_word' id='word_1_125' title='bbox 706 2127 839 2222; x_wconf 88' lang='lat' dir='ltr'>cupidus</span> <span class='ocrx_word' id='word_1_126' title='bbox 870 2125 1016 2208; x_wconf 84' lang='lat' dir='ltr'>discendi</span> <span class='ocrx_word' id='word_1_127' title='bbox 1046 2128 1160 2220; x_wconf 86' lang='lat' dir='ltr'>magis,</span> 
     </span>
    </p>
   </div>
   <div class='ocr_carea' id='block_1_7' title="bbox 44 2233 1159 2336">
    <p class='ocr_par' dir='ltr' id='par_1_7' title="bbox 44 2233 1159 2336">
     <span class='ocr_line' id='line_1_19' title="bbox 44 2233 1159 2336; baseline -0.001 -27"><span class='ocrx_word' id='word_1_128' title='bbox 44 2245 53 2252; x_wconf 78' lang='grc'><em>”</em></span> <span class='ocrx_word' id='word_1_129' title='bbox 161 2265 258 2336; x_wconf 87' lang='lat' dir='ltr'>qnam</span> <span class='ocrx_word' id='word_1_130' title='bbox 281 2240 457 2335; x_wconf 83' lang='lat' dir='ltr'>judicandi,</span> <span class='ocrx_word' id='word_1_131' title='bbox 481 2239 626 2309; x_wconf 92' lang='lat' dir='ltr'>omnium</span> <span class='ocrx_word' id='word_1_132' title='bbox 649 2237 739 2334; x_wconf 89' lang='lat' dir='ltr'>prius</span> <span class='ocrx_word' id='word_1_133' title='bbox 760 2239 904 2308; x_wconf 89' lang='lat' dir='ltr'>rationes</span> <span class='ocrx_word' id='word_1_134' title='bbox 928 2264 980 2312; x_wconf 85' lang='lat' dir='ltr'>me</span> <span class='ocrx_word' id='word_1_135' title='bbox 1003 2233 1084 2320; x_wconf 78' lang='lat' dir='ltr'>velle</span> <span class='ocrx_word' id='word_1_136' title='bbox 1103 2241 1159 2308; x_wconf 87' lang='lat' dir='ltr'>au·</span> 
     </span>
    </p>
   </div>
   <div class='ocr_carea' id='block_1_8' title="bbox 161 2351 1220 3567">
    <p class='ocr_par' dir='ltr' id='par_1_8' title="bbox 161 2351 1166 2999">
     <span class='ocr_line' id='line_1_20' title="bbox 161 2351 1166 2448; baseline -0.002 -27"><span class='ocrx_word' id='word_1_137' title='bbox 161 2351 230 2422; x_wconf 87' lang='lat' dir='ltr'>dire</span> <span class='ocrx_word' id='word_1_138' title='bbox 261 2351 463 2448; x_wconf 87' lang='lat' dir='ltr'>respondeo,</span> <span class='ocrx_word' id='word_1_139' title='bbox 498 2367 534 2420; x_wconf 89' lang='lat' dir='ltr'>ut</span> <span class='ocrx_word' id='word_1_140' title='bbox 561 2367 653 2421; x_wconf 87' lang='lat' dir='ltr'>tanto</span> <span class='ocrx_word' id='word_1_141' title='bbox 682 2363 789 2422; x_wconf 87' lang='lat' dir='ltr'>essem</span> <span class='ocrx_word' id='word_1_142' title='bbox 819 2351 988 2422; x_wconf 88' lang='lat' dir='ltr'>discretior</span> <span class='ocrx_word' id='word_1_143' title='bbox 1015 2354 1048 2421; x_wconf 90' lang='lat' dir='ltr'>in</span> <span class='ocrx_word' id='word_1_144' title='bbox 1077 2352 1166 2446; x_wconf 76' lang='lat' dir='ltr'>judi.</span> 
     </span>
     <span class='ocr_line' id='line_1_21' title="bbox 161 2459 1160 2559; baseline -0.001 -25"><span class='ocrx_word' id='word_1_145' title='bbox 161 2464 286 2548; x_wconf 88' lang='lat' dir='ltr'>ca‘ndo,</span> <span class='ocrx_word' id='word_1_146' title='bbox 314 2465 435 2559; x_wconf 84' lang='lat' dir='ltr'>quanto</span> <span class='ocrx_word' id='word_1_147' title='bbox 464 2462 643 2558; x_wconf 77' lang='lat' dir='ltr'>sapientior</span> <span class='ocrx_word' id='word_1_148' title='bbox 668 2459 777 2533; x_wconf 83' lang='lat' dir='ltr'>fierem</span> <span class='ocrx_word' id='word_1_149' title='bbox 805 2463 986 2547; x_wconf 82' lang='lat' dir='ltr'>audiendo,</span> <span class='ocrx_word' id='word_1_150' title='bbox 1012 2466 1102 2556; x_wconf 83' lang='lat' dir='ltr'>juxta</span> <span class='ocrx_word' id='word_1_151' title='bbox 1123 2464 1160 2533; x_wconf 90' lang='lat' dir='ltr'>il·</span> 
     </span>
     <span class='ocr_line' id='line_1_22' title="bbox 162 2574 1160 2673; baseline 0.001 -27"><span class='ocrx_word' id='word_1_152' title='bbox 162 2574 235 2661; x_wconf 81' lang='lat' dir='ltr'>tut,</span> <span class='ocrx_word' id='word_1_153' title='bbox 258 2575 347 2673; x_wconf 90' lang='lat' dir='ltr'>quod</span> <span class='ocrx_word' id='word_1_154' title='bbox 369 2600 467 2670; x_wconf 87' lang='lat' dir='ltr'>snpra</span> <span class='ocrx_word' id='word_1_155' title='bbox 489 2575 636 2660; x_wconf 85' lang='lat' dir='ltr'>memini,</span> <span class='ocrx_word' id='word_1_156' title='bbox 660 2576 839 2646; x_wconf 87' lang='lat' dir='ltr'>secondum</span> <span class='ocrx_word' id='word_1_157' title='bbox 863 2575 981 2644; x_wconf 89' lang='lat' dir='ltr'>summi</span> <span class='ocrx_word' id='word_1_158' title='bbox 1003 2577 1160 2671; x_wconf 84' lang='lat' dir='ltr'>sapientis</span> 
     </span>
     <span class='ocr_line' id='line_1_23' title="bbox 161 2686 1160 2783; baseline 0.003 -28"><span class='ocrx_word' id='word_1_159' title='bbox 161 2689 376 2783; x_wconf 86' lang='lat' dir='ltr'>proverbium.</span> <span class='ocrx_word' id='word_1_160' title='bbox 427 2686 575 2756; x_wconf 83' lang='lat' dir='ltr'>Audiens</span> <span class='ocrx_word' id='word_1_161' title='bbox 605 2686 735 2781; x_wconf 87' lang='lat' dir='ltr'>sapiens</span> <span class='ocrx_word' id='word_1_162' title='bbox 766 2688 945 2782; x_wconf 80' lang='lat' dir='ltr'>sapientior</span> <span class='ocrx_word' id='word_1_163' title='bbox 973 2687 1040 2762; x_wconf 89' lang='lat' dir='ltr'>erit.</span> <span class='ocrx_word' id='word_1_164' title='bbox 1069 2704 1111 2758; x_wconf 89' lang='lat' dir='ltr'>et.</span> <span class='ocrx_word' id='word_1_165' title='bbox 1132 2689 1160 2758; x_wconf 89' lang='lat' dir='ltr'>i.</span> 
     </span>
     <span class='ocr_line' id='line_1_24' title="bbox 163 2791 1161 2896; baseline 0.002 -28"><span class='ocrx_word' id='word_1_166' title='bbox 163 2791 195 2894; x_wconf 70' lang='lat' dir='ltr'>g.</span> <span class='ocrx_word' id='word_1_167' title='bbox 212 2815 245 2894; x_wconf 86' lang='lat' dir='ltr'>p.</span> <span class='ocrx_word' id='word_1_168' title='bbox 278 2801 327 2870; x_wconf 91' lang='lat' dir='ltr'>Iu</span> <span class='ocrx_word' id='word_1_169' title='bbox 351 2825 415 2896; x_wconf 91' lang='lat' dir='ltr'>quo</span> <span class='ocrx_word' id='word_1_170' title='bbox 440 2822 553 2870; x_wconf 89' lang='lat' dir='ltr'>omnes</span> <span class='ocrx_word' id='word_1_171' title='bbox 576 2801 697 2893; x_wconf 86' lang='lat' dir='ltr'>pariter</span> <span class='ocrx_word' id='word_1_172' title='bbox 718 2814 945 2882; x_wconf 88' lang='lat' dir='ltr'>assenserunt,</span> <span class='ocrx_word' id='word_1_173' title='bbox 961 2799 1086 2896; x_wconf 42' lang='lat' dir='ltr'>⁴eodem</span> <span class='ocrx_word' id='word_1_174' title='bbox 1109 2823 1161 2870; x_wconf 87' lang='lat' dir='ltr'>ac·</span> 
     </span>
     <span class='ocr_line' id='line_1_25' title="bbox 164 2899 901 2999; baseline -0.005 -17"><span class='ocrx_word' id='word_1_175' title='bbox 164 2911 252 2982; x_wconf 84' lang='lat' dir='ltr'>censi</span> <span class='ocrx_word' id='word_1_176' title='bbox 277 2912 437 2982; x_wconf 88' lang='lat' dir='ltr'>desiderio</span> <span class='ocrx_word' id='word_1_177' title='bbox 460 2899 639 2981; x_wconf 68' lang='lat' dir='ltr'>discendi.¹</span> <span class='ocrx_word' id='word_1_178' title='bbox 662 2911 740 2999; x_wconf 84' lang='lat' dir='ltr'>(tol.</span> <span class='ocrx_word' id='word_1_179' title='bbox 764 2920 815 2986; x_wconf 83' lang='lat'>19.</span> <span class='ocrx_word' id='word_1_180' title='bbox 837 2909 901 2997; x_wconf 88' lang='lat' dir='ltr'>R.)</span> 
     </span>
    </p>

    <p class='ocr_par' dir='ltr' id='par_1_9' title="bbox 162 3020 1220 3567">
     <span class='ocr_line' id='line_1_26' title="bbox 172 3020 1161 3118; baseline -0.004 -25"><span class='ocrx_word' id='word_1_181' title='bbox 172 3093 177 3107; x_wconf 71' lang='grc'>,</span> <span class='ocrx_word' id='word_1_182' title='bbox 251 3023 407 3094; x_wconf 85' lang='lat' dir='ltr'>Philus.</span> <span class='ocrx_word' id='word_1_183' title='bbox 451 3028 523 3117; x_wconf 83' lang='lat' dir='ltr'>Age</span> <span class='ocrx_word' id='word_1_184' title='bbox 548 3047 636 3090; x_wconf 88' lang='lat' dir='ltr'>nnnc</span> <span class='ocrx_word' id='word_1_185' title='bbox 659 3020 855 3118; x_wconf 84' lang='lat' dir='ltr'>Christiane·</span> <span class='ocrx_word' id='word_1_186' title='bbox 874 3021 1038 3115; x_wconf 87' lang='lat' dir='ltr'>alloquor,</span> <span class='ocrx_word' id='word_1_187' title='bbox 1067 3036 1103 3088; x_wconf 91' lang='lat' dir='ltr'>ut</span> <span class='ocrx_word' id='word_1_188' title='bbox 1126 3038 1161 3091; x_wconf 89' lang='lat' dir='ltr'>tu</span> 
     </span>
     <span class='ocr_line' id='line_1_27' title="bbox 162 3121 1220 3230; baseline -0.003 -26"><span class='ocrx_word' id='word_1_189' title='bbox 162 3135 362 3230; x_wconf 83' lang='lat' dir='ltr'>inquisitioni</span> <span class='ocrx_word' id='word_1_190' title='bbox 396 3158 488 3204; x_wconf 88' lang='lat' dir='ltr'>meae</span> <span class='ocrx_word' id='word_1_191' title='bbox 511 3121 703 3211; x_wconf 35' lang='lat' dir='ltr'>&#39;secundum</span> <span class='ocrx_word' id='word_1_192' title='bbox 731 3133 889 3228; x_wconf 88' lang='lat' dir='ltr'>propositi</span> <span class='ocrx_word' id='word_1_193' title='bbox 915 3131 1018 3200; x_wconf 89' lang='lat' dir='ltr'>nostri</span> <span class='ocrx_word' id='word_1_194' title='bbox 1037 3132 1161 3227; x_wconf 17' lang='lat' dir='ltr'>‘eondi-</span> <span class='ocrx_word' id='word_1_195' title='bbox 1217 3223 1220 3230; x_wconf 19' lang='lat' dir='ltr'><em>r</em></span> 
     </span>
     <span class='ocr_line' id='line_1_28' title="bbox 164 3244 1195 3346; baseline 0 -30"><span class='ocrx_word' id='word_1_196' title='bbox 164 3247 287 3346; x_wconf 85' lang='lat' dir='ltr'>tionem</span> <span class='ocrx_word' id='word_1_197' title='bbox 303 3246 512 3342; x_wconf 82' lang='lat' dir='ltr'>respondeas,</span> <span class='ocrx_word' id='word_1_198' title='bbox 537 3248 639 3340; x_wconf 80' lang='lat' dir='ltr'>Cujus</span> <span class='ocrx_word' id='word_1_199' title='bbox 656 3245 787 3342; x_wconf 88' lang='lat' dir='ltr'>quidem</span> <span class='ocrx_word' id='word_1_200' title='bbox 804 3245 854 3314; x_wconf 80' lang='lat' dir='ltr'>Iex</span> <span class='ocrx_word' id='word_1_201' title='bbox 868 3244 1073 3338; x_wconf 80' lang='lat' dir='ltr'>tautodehet</span> <span class='ocrx_word' id='word_1_202' title='bbox 1088 3271 1162 3317; x_wconf 84' lang='lat' dir='ltr'>esse</span> <span class='ocrx_word' id='word_1_203' title='bbox 1191 3281 1195 3292; x_wconf 50' lang='grc' dir='ltr'>ι</span> 
     </span>
     <span class='ocr_line' id='line_1_29' title="bbox 164 3357 1202 3454; baseline -0.002 -26"><span class='ocrx_word' id='word_1_204' title='bbox 164 3359 338 3454; x_wconf 88' lang='lat' dir='ltr'>perfectior</span> <span class='ocrx_word' id='word_1_205' title='bbox 375 3376 406 3429; x_wconf 93' lang='lat' dir='ltr'>et</span> <span class='ocrx_word' id='word_1_206' title='bbox 433 3360 693 3430; x_wconf 87' lang='lat' dir='ltr'>remuneratione</span> <span class='ocrx_word' id='word_1_207' title='bbox 720 3357 828 3453; x_wconf 84' lang='lat' dir='ltr'>potior</span> <span class='ocrx_word' id='word_1_208' title='bbox 855 3361 987 3453; x_wconf 89' lang='lat' dir='ltr'>ejusque</span> <span class='ocrx_word' id='word_1_209' title='bbox 1016 3357 1163 3428; x_wconf 89' lang='lat' dir='ltr'>doctrina</span> <span class='ocrx_word' id='word_1_210' title='bbox 1200 3414 1202 3417; x_wconf 88' lang='lat'>.</span> 
     </span>
     <span class='ocr_line' id='line_1_30' title="bbox 165 3469 1163 3567; baseline -0.002 -27"><span class='ocrx_word' id='word_1_211' title='bbox 165 3471 403 3554; x_wconf 86' lang='lat' dir='ltr'>rationabilior,</span> <span class='ocrx_word' id='word_1_212' title='bbox 443 3488 565 3567; x_wconf 87' lang='lat' dir='ltr'>quanto</span> <span class='ocrx_word' id='word_1_213' title='bbox 601 3473 691 3566; x_wconf 91' lang='lat' dir='ltr'>ipsa·</span> <span class='ocrx_word' id='word_1_214' title='bbox 709 3487 759 3540; x_wconf 89' lang='lat' dir='ltr'>est</span> <span class='ocrx_word' id='word_1_215' title='bbox 792 3469 962 3565; x_wconf 87' lang='lat' dir='ltr'>posterior.</span> <span class='ocrx_word' id='word_1_216' title='bbox 1028 3469 1163 3540; x_wconf 84' lang='lat' dir='ltr'>Frustra</span> 
     </span>
    </p>
   </div>
   <div class='ocr_carea' id='block_1_9' title="bbox 167 3580 1303 3679">
    <p class='ocr_par' dir='ltr' id='par_1_10' title="bbox 167 3580 1303 3679">
     <span class='ocr_line' id='line_1_31' title="bbox 167 3580 1303 3679; baseline 0.002 -27"><span class='ocrx_word' id='word_1_217' title='bbox 167 3583 286 3679; x_wconf 86' lang='lat' dir='ltr'>quippe</span> <span class='ocrx_word' id='word_1_218' title='bbox 309 3582 433 3678; x_wconf 87' lang='lat' dir='ltr'>populo</span> <span class='ocrx_word' id='word_1_219' title='bbox 457 3583 581 3677; x_wconf 90' lang='lat' dir='ltr'>priores</span> <span class='ocrx_word' id='word_1_220' title='bbox 604 3585 693 3677; x_wconf 83' lang='lat' dir='ltr'>leges</span> <span class='ocrx_word' id='word_1_221' title='bbox 710 3584 946 3666; x_wconf 88' lang='lat' dir='ltr'>scriberentur,</span> <span class='ocrx_word' id='word_1_222' title='bbox 973 3580 1063 3668; x_wconf 89' lang='lat' dir='ltr'>(ni)si</span> <span class='ocrx_word' id='word_1_223' title='bbox 1086 3581 1164 3676; x_wconf 91' lang='lat' dir='ltr'>quid</span> <span class='ocrx_word' id='word_1_224' title='bbox 1243 3610 1245 3615; x_wconf 91' lang='lat'>·</span> <span class='ocrx_word' id='word_1_225' title='bbox 1296 3647 1303 3654; x_wconf 83' lang='lat'>.</span> 
     </span>
    </p>
   </div>
   <div class='ocr_carea' id='block_1_10' title="bbox 168 3691 1164 3790">
    <p class='ocr_par' dir='ltr' id='par_1_11' title="bbox 168 3691 1164 3790">
     <span class='ocr_line' id='line_1_32' title="bbox 168 3691 1164 3790; baseline -0.001 -27"><span class='ocrx_word' id='word_1_226' title='bbox 168 3695 210 3763; x_wconf 87' lang='lat' dir='ltr'>ad</span> <span class='ocrx_word' id='word_1_227' title='bbox 234 3695 400 3766; x_wconf 85' lang='lat' dir='ltr'>doctrinae</span> <span class='ocrx_word' id='word_1_228' title='bbox 423 3695 655 3790; x_wconf 82' lang='lat' dir='ltr'>perfectionem</span> <span class='ocrx_word' id='word_1_229' title='bbox 678 3694 723 3766; x_wconf 88' lang='lat' dir='ltr'>eis</span> <span class='ocrx_word' id='word_1_230' title='bbox 748 3693 930 3766; x_wconf 79' lang='lat' dir='ltr'>adderetun</span> <span class='ocrx_word' id='word_1_231' title='bbox 975 3691 1077 3784; x_wconf 85' lang='lat' dir='ltr'>Quod</span> <span class='ocrx_word' id='word_1_232' title='bbox 1094 3693 1164 3790; x_wconf 88' lang='lat' dir='ltr'>qui·</span> 
     </span>
    </p>
   </div>
   <div class='ocr_carea' id='block_1_11' title="bbox 164 3863 362 3878">
    <p class='ocr_par' dir='ltr' id='par_1_12' title="bbox 164 3863 362 3878">
     <span class='ocr_line' id='line_1_33' title="bbox 164 3863 362 3878; baseline 0 -3"><span class='ocrx_word' id='word_1_233' title='bbox 164 3863 362 3878; x_wconf 59' lang='grc' dir='ltr'><strong>Μ</strong></span> 
     </span>
    </p>
   </div>
   <div class='ocr_carea' id='block_1_12' title="bbox 186 3934 1041 4052">
    <p class='ocr_par' dir='ltr' id='par_1_13' title="bbox 186 3934 1041 4052">
     <span class='ocr_line' id='line_1_34' title="bbox 186 3934 1041 4052; baseline 0.002 -50"><span class='ocrx_word' id='word_1_234' title='bbox 186 3947 219 4015; x_wconf 85' lang='grc'>1)</span> <span class='ocrx_word' id='word_1_235' title='bbox 238 3945 401 4004; x_wconf 82' lang='lat' dir='ltr'>Psalmistmn</span> <span class='ocrx_word' id='word_1_236' title='bbox 418 3947 512 4052; x_wconf 64' lang='lat' dir='ltr'>innuit,</span> <span class='ocrx_word' id='word_1_237' title='bbox 530 3949 557 4004; x_wconf 87' lang='lat' dir='ltr'>irr</span> <span class='ocrx_word' id='word_1_238' title='bbox 575 3946 678 4006; x_wconf 84' lang='lat' dir='ltr'>Psalmo</span> <span class='ocrx_word' id='word_1_239' title='bbox 696 3946 822 4017; x_wconf 78' lang='lat' dir='ltr'>CXVIII,</span> <span class='ocrx_word' id='word_1_240' title='bbox 840 3934 882 4004; x_wconf 82' lang='grc'>18.</span> <span class='ocrx_word' id='word_1_241' title='bbox 899 3954 1041 4006; x_wconf 81' lang='lat' dir='ltr'>canentem</span> 
     </span>
    </p>
   </div>
   <div class='ocr_carea' id='block_1_13' title="bbox 0 0 1419 4486">
    <p class='ocr_par' dir='ltr' id='par_1_14' title="bbox 0 0 1419 4486">
     <span class='ocr_line' id='line_1_35' title="bbox 0 0 1419 4486; baseline 0 0"><span class='ocrx_word' id='word_1_242' title='bbox 0 0 1419 4486; x_wconf 95' lang='lat' dir='ltr'> </span> 
     </span>
    </p>
   </div>
  </div>
 </body>
</html>
