2740 4486
262 259 343 336 106

263 427 447 498 criminalia
474 429 509 494 in
537 439 650 512 aperte
678 429 916 494 consuetudine
952 442 988 495 et
1024 429 1161 498 fratrum
1191 435 1255 500 cin·

261 547 423 628 ruptione.
467 541 583 622 Unde,
618 542 673 626 qui
696 540 782 606 telee
804 555 900 622 eunt,
933 543 1020 628 qnod
1043 547 1176 611 crimine
1198 548 1253 612 nli-

262 683 325 748 que
348 658 513 726 notabiles
544 668 639 738 eunt,
672 679 692 722 n
723 659 950 722 communione
972 658 1162 740 Ecclesiae,
1199 663 1256 726 uiui

258 773 458 858 resipiscere
480 767 594 852 velint,
616 782 820 838 resecantur.
863 771 924 838 Eut
946 783 1055 837 eutem
1079 775 1146 838 tale
1162 776 1256 857 qund-

259 886 355 967 libet,
376 897 412 951 ut
430 876 770 967 ebrietee,'rapecitee
794 896 828 949 et
850 897 971 964 cetere,
995 884 1071 949 dum
1087 888 1121 950 in
1134 899 1255 969 promtu

260 1013 295 1066 et
317 999 553 1065 consuetudine
574 996 746 1062 habentur.
789 987 985 1064 Notandum
1000 1001 1101 1088 igitur
1118 1001 1254 1081 videtur,

259 1115 347 1199 quud
367 1124 536 1195 peccatum
557 1111 664 1191 Adae,
687 1114 751 1177 etei
771 1111 911 1177 mortale
934 1112 1046 1188 fuerit,
1068 1126 1255 1180 nontamen

258 1225 430 1300 criminale
451 1225 529 1289 fuit.
573 1224 655 1290 Cum
685 1227 772 1313 enim
804 1238 918 1290 contre
947 1227 1182 1290 conscientiam
1202 1249 1257 1292 ve-

175 1375 177 1384 >
259 1344 353 1408 titum
375 1351 557 1422 appeteret,
579 1337 711 1426 uciebnt
729 1340 817 1403 enim
838 1338 902 1404 hoc
917 1343 1152 1416 cnseretitum,
1175 1361 1257 1404 mer·

258 1453 328 1522 tale
350 1453 423 1517 fuit.
469 1449 552 1517 Cum
580 1472 659 1515 vero
691 1450 753 1516 lruc
784 1473 826 1518 ex
855 1452 1091 1516 coneue'tudine
1113 1473 1179 1516 non
1201 1450 1257 1516 he·

258 1567 365 1645 beret,
387 1567 486 1629 imme
509 1577 674 1648 tamquam
696 1565 819 1629 invitus
842 1562 906 1630 hoc
923 1577 1050 1651 ageret,
1071 1582 1200 1648 putens,
1222 1586 1258 1630 sc

196 1711 197 1715 ¹
256 1701 317 1763 per
344 1679 582 1760 poenitentium
619 1676 815 1742 satisfecere
848 1699 947 1762 pesse
989 1691 1023 1742 et
1050 1679 1126 1743 ideo
1166 1679 1259 1742 uxori

256 1811 382 1856 morem
403 1811 520 1876 gerere
544 1787 669 1868 voluit,
703 1789 872 1854 criminale
904 1811 972 1855 non
1001 1789 1075 1855 luit.
1121 1788 1258 1854 Constet

255 1904 368 1990 igitur,
390 1901 568 1968 nonnullos
590 1901 692 1966 multo
715 1905 847 1988 gravius
869 1923 1018 1984 peccare,
1041 1926 1137 1986 quem
1153 1903 1259 1968 Adam

257 2005 461 2100 peceeverit‚
497 2014 556 2078 red
591 2013 668 2078 iden
700 2013 785 2078 illud
820 2017 957 2098 primum
987 2029 1158 2098 peccatum
1190 2029 1258 2082 tam

207 2121 208 2126 ¹
256 2129 403 2214 graviter
425 2127 518 2192 Deus
540 2127 655 2208 punire
677 2124 794 2207 voluit,
816 2140 852 2192 ut
871 2128 936 2192 ribi
958 2141 1127 2211 peccatum
1143 2128 1259 2211 displi-

255 2265 331 2308 cere
360 2240 550 2305 cetenderet
591 2252 625 2306 et
653 2253 690 2307 ut
717 2239 887 2308 herrorem
918 2243 1077 2328 peccandi
1106 2241 1259 2310 omnibus

255 2355 398 2439 posterii
419 2356 597 2420 incuteret.

608 2538 717 2622 Caput
737 2535 904 2606 XXXIV.

533 2675 579 2730 De
596 2674 719 2740 meritis,
745 2672 801 2730 ubi
812 2675 977 2732 consistent.

338 2813 421 2881 Viso
443 2811 485 2876 de
502 2808 677 2876 virtutibus
700 2821 734 2875 et
754 2811 859 2890 vitiis,
881 2811 960 2878 dete
982 2813 1081 2878 etiam
1103 2815 1261 2880 differen-

233 2931 302 3009 „tie
321 2929 410 2992 inter
431 2936 568 3008 peccate
590 2934 625 2988 et
646 2925 744 3002 vitiu,
766 2925 855 2990 iuter
874 2927 1098 3011 ipsequeque
1119 2941 1262 3011 peccata

253 3039 446 3106 diversitate
461 3047 615 3116 ostensa,
638 3011 679 3101 le
698 3039 824 3101 meritis
840 3037 897 3103 nbi
919 3041 1114 3117 consistant,
1137 3041 1261 3104 amodo

251 3152 447 3236 relinquitur
476 3149 665 3215 videndum.
716 3147 997 3222 Quemadmodum
1025 3152 1126 3237 igitur
1159 3172 1262 3214 omne

251 3276 421 3350 peceatum
443 3265 477 3328 in
499 3261 573 3328 selu
592 3261 763 3333 voluntate
787 3264 949 3341 consistit,
970 3265 1021 3328 eie
1040 3277 1073 3328 et
1094 3267 1265 3331 meritum.

250 3377 410 3444 Meritum
432 3388 541 3440 eutem
564 3371 648 3436 nihil
670 3371 762 3436 eliud
784 3385 852 3450 eet,
881 3395 978 3458 quem
999 3375 1035 3440 id
1060 3377 1147 3460 qued
1167 3375 1266 3440 bonu

227 3489 422 3567 ,voluntate
445 3507 625 3564 meremur,
646 3485 681 3549 id
702 3497 774 3566 est,
797 3488 866 3566 vite
888 3501 1035 3567 aeterna,
1059 3507 1155 3580 quum
1177 3492 1266 3573 quia

250 3602 391 3668 diversis
413 3596 638 3665 voluntatibus
660 3597 738 3664 boni
760 3621 940 3681 meremur,
971 3602 1151 3667 secundum
1172 3621 1264 3684 quas

243 3712 353 3780 wetellu
374 3733 395 3778 u
416 3709 517 3776 stelle
538 3710 649 3776 differt
678 3711 724 3776 ibi
751 3716 787 3777 iu
816 3710 987 3793 claritate,
1015 3715 1092 3778 ideo
1123 3713 1268 3778 diversa

147 3867 149 3874 >
250 3839 287 3894 et
314 3824 409 3908 plura
424 3826 553 3890 xmerite
580 3826 774 3894 vocitemus.
817 3825 947 3893 Dicitur
974 3827 1074 3891 etiem
1101 3824 1266 3890 meritum
1365 3853 1366 3914 t

249 3939 324 4031 ipre
344 3935 433 4006 bene
447 3935 615 4021 voluntat,
637 3957 701 4024 qua
714 3959 887 4008 meremur.
933 3937 1030 4018 Quod
1051 3951 1162 4009 eutem
1181 3959 1266 4006 me-
