2798 4486
138 401 225 472 bona
255 397 537 495 comprehendens
566 398 627 468 ait:
667 395 797 485 Caritas
827 399 954 495 patiens
983 417 1048 488 est,
1081 405 1139 475 be·

138 513 235 605 nigua
256 521 286 601 ¹)
315 529 380 596 est,
410 510 525 604 caritas
555 536 623 580 uon
652 511 848 595 aemulatur,
876 538 945 584 non
971 515 1038 608 agit
1065 543 1139 612 per.

137 650 246 720 peram
276 640 309 694 et
338 640 399 692 cet.
443 623 495 692 De
526 649 590 718 qna
620 625 715 693 etiam
742 649 816 695 cum
845 624 929 693 iuter
958 643 1065 696 cetera
1092 627 1140 697 di-

140 754 235 820 catur,
260 736 347 831 qnod
372 736 481 805 omnia
506 735 620 805 suffert
643 735 691 805 vel
717 735 825 805 omnia
848 736 1003 822 sustinet,
1025 739 1137 834 utique

138 866 169 918 et
190 865 345 936 mortem;
383 864 418 914 ut
441 863 548 916 autem
569 845 718 917 Christus
741 847 886 916 meminit
909 846 979 936 (fol.
1000 860 1054 924 31.
1069 849 1137 940 R.),

137 963 291 1052 majorem
321 959 383 1028 hac
413 959 620 1028 dilectionem
649 984 747 1028 nemo
779 959 893 1044 habet,
930 977 965 1030 nt
993 961 1137 1033 animam

138 1085 228 1140 suam
252 1071 323 1166 quis
347 1089 450 1166 ponat
471 1097 530 1166 pro
555 1071 666 1139 amicis
690 1070 756 1139 suis
777 1078 824 1158 2>;
860 1098 928 1141 noo
953 1099 1030 1166 ergo
1053 1073 1135 1146 alins

136 1183 197 1252 alio
222 1183 326 1276 magis
349 1183 381 1252 in
406 1183 534 1252 caritate
559 1181 719 1264 abundat,
749 1209 822 1252 cum
846 1182 927 1254 haec
950 1185 1060 1254 omnia
1083 1211 1136 1256 ca·

135 1295 210 1364 ritas
241 1293 274 1362 in
303 1321 337 1364 se
366 1294 532 1364 contineat
561 1308 592 1362 et
615 1318 726 1362 secum
750 1281 874 1365 afferat.
923 1292 1026 1384 Quod
1050 1298 1135 1368 siin

135 1408 264 1476 caritate
288 1388 385 1475 nemo
409 1405 506 1474 alium
530 1404 739 1487 transcendit,
762 1407 872 1502 utique
896 1433 957 1476 nec
980 1406 1014 1476 iu
1036 1409 1136 1512 virtu-

106 1537 107 1546 *
134 1520 217 1587 tibus
242 1517 451 1601 aucmentis,
473 1542 547 1586 eum
571 1542 713 1600 emnem,
734 1532 770 1586 ut
794 1518 884 1604 dicis,
909 1519 1025 1591 caritas
1047 1547 1134 1620 com·

132 1630 290 1726 plectatur
312 1630 469 1700 virtutem.
996 1711 1002 1717 ι

157 1809 161 1828 ,
222 1739 447 1814 Christian.
491 1740 630 1825 Revera,
653 1740 681 1810 si
702 1739 833 1836 proprie
853 1740 952 1812 virtus
975 1742 1134 1838 intelliga-

18 1881 20 1886 ’
132 1871 191 1939 tnr,
215 1880 299 1950 quae
323 1854 471 1930 videlicet
493 1853 641 1923 meritum
664 1854 752 1947 apud
770 1851 880 1922 Deum
905 1856 1038 1941 obtinet,
1061 1858 1133 1930 sola

131 1961 245 2036 caritas
269 1968 366 2036 virtus
392 1965 587 2060 appellanda
616 1981 674 2040 est.
720 1962 818 2052 Quae
841 1965 972 2060 quidem
994 1993 1055 2062 pro
1080 1996 1131 2054 eo,

131 2079 219 2175 quod
242 2081 362 2171 justum
386 2078 482 2147 efficit
504 2076 553 2146 vei
577 2075 694 2145 fortem
718 2101 777 2145 seu
804 2092 1054 2171 temperantem,
1082 2083 1131 2172 ju·
1223 2081 1225 2091 ’

130 2190 215 2260 stitia
237 2206 322 2260 recte
347 2190 462 2258 dicitur
476 2188 526 2257 vel
543 2187 699 2257 fortitudo
716 2187 782 2282 sive
799 2186 1024 2283 temperantia.
1062 2188 1131 2262 Sed
1172 2259 1175 2274 ,
1227 2188 1230 2194 ’

129 2302 213 2372 sicut
236 2327 360 2384 omues,
384 2301 438 2397 qui
462 2300 582 2370 habent
606 2299 781 2383 caritatem,
805 2326 872 2369 non
895 2301 1073 2396 aequaliter
1091 2327 1130 2374 ea
1164 2290 1166 2292 Ι

129 2414 280 2485 succensi
303 2430 393 2498 sunt,
415 2439 476 2482 nec
499 2411 814 2507 omnesprudentes
838 2412 1016 2508 aequaliter
1036 2413 1142 2510 intel-t

128 2527 246 2620 lignnt,
274 2526 319 2595 ita
341 2551 402 2594 nec
427 2551 540 2594 omnes
562 2523 640 2617 justi
662 2524 839 2619 aequaliter
860 2524 936 2618 justi
959 2541 1051 2609 sunt,
1074 2508 1131 2596 aut

15 2637 18 2644 ’
129 2663 244 2708 omnes
268 2637 448 2730 aequaliter
468 2637 569 2707 sortes
593 2637 643 2706 vel
670 2652 899 2730 temperantes.
943 2635 987 2706 Et
1016 2663 1129 2734 quarn·

125 2750 175 2820 vis
202 2749 381 2818 secuudum
410 2748 552 2844 priorem
581 2748 820 2818 distinctionem
851 2774 965 2819 omnes
996 2750 1128 2821 virtutes

125 2861 288 2956 aliquibus
310 2861 420 2930 inesse
444 2862 673 2945 concedamus,
696 2887 768 2928 cnm
791 2860 939 2931 videlicet
953 2865 1128 2960 unnsquis-

126 3001 190 3068 que
213 2973 342 3042 illornm
365 2974 406 3041 sit
427 2976 529 3067 justus
555 2989 586 3041 et
607 2973 715 3055 sortis,
739 2987 939 3066 temperans,
967 2979 1027 3066 (et)
1057 3001 1126 3048 non

124 3085 260 3155 omnino
283 3083 441 3182 tamenin
456 3085 623 3154 virtutibus
646 3100 702 3151 ant
718 3082 839 3152 meritis
862 3109 919 3153 eos
937 3109 1009 3153 esse
1022 3098 1125 3179 ,pares

123 3198 310 3280 annuimus,
333 3223 403 3265 cum
427 3197 524 3266 alium
548 3196 611 3265 alio
633 3194 800 3288 justiorem
816 3194 866 3263 rel
884 3194 1050 3266 fortiorem
1066 3223 1126 3267 seu

6 3359 8 3404 ἶ
122 3308 356 3378 modestiorem
379 3334 451 3389 esse
476 3308 652 3400 contingat.
691 3304 852 3396 Quamvis
878 3307 963 3376 euim
980 3309 1013 3377 in
1030 3335 1124 3404 prae·

122 3420 218 3506 dictis
247 3420 417 3513 speciebus
446 3422 614 3504 virtutum,
643 3418 789 3511 singulos
819 3420 991 3490 convenire
1019 3446 1124 3516 pono·

48 3545 50 3552 '
118 3557 207 3614 mus,
229 3556 349 3624 magna
369 3549 479 3612 tamen
503 3524 554 3602 est
574 3531 609 3601 in
632 3531 803 3615 individuis
827 3531 1123 3625 specierum‘diffe·

101 3642 244 3734 reatin,
267 3667 341 3712 cnm
363 3645 458 3740 hujus
482 3647 601 3739 major,
625 3668 721 3742 qnam
738 3641 838 3727 illius,
866 3641 908 3712 sit
927 3643 1049 3735 justitia
1070 3644 1121 3716 vel

136 3892 175 3964 1)
194 3897 211 3950 1
231 3890 294 3948 Cor.
311 3891 382 3950 Xlll.
493 3959 496 3967 Ι

133 3999 173 4070 2)
191 3998 284 4058 Joann.
301 3997 368 4070 XV.
386 4000 428 4059 13.
