2798 4486
198 155 308 272 ἰι

346 362 505 436 Philas.
541 357 673 430 Justitia
692 324 802 456 itaque
823 358 922 430 virtus
940 376 996 432 est
1016 361 1255 434 communimi-

144 531 147 542 ,
259 475 340 546 litati
362 491 504 560 servata,
531 498 625 544 suam
647 471 762 568 cuique
785 472 928 542 tribuens
952 473 1151 566 dignitatem,
1173 476 1255 546 haec

261 605 312 660 est
334 613 373 670 ea
394 588 504 673 virtus,
526 613 591 683 qua
612 585 762 656 uolumus
785 611 1049 681 unumquemque
1071 587 1189 658 habere
1212 589 1257 673 id,

210 768 217 773 .
262 726 327 799 quo
358 695 569 794 dignoscet,
604 698 633 768 si
661 697 724 766 hoc
754 721 925 768 commuue
958 725 1027 768 uon
1054 699 1171 768 inserat
1199 699 1256 769 da·

158 854 160 867 =
221 909 224 918 Ι
260 841 383 886 mnum.
428 811 535 908 Saepe
565 810 685 881 etenim
713 809 885 908 contingit,
913 827 948 880 ut
974 812 1052 880 dum
1078 810 1173 881 alicui
1195 839 1255 909 pro

209 1005 212 1018 Ι
260 927 381 997 meritis
410 950 471 995 sua
499 922 678 1006 reddimus,
706 921 796 1016 quod
820 921 1023 1016 singulariter
1043 926 1077 994 in
1099 950 1166 994 uuo
1189 925 1256 1018 agi·

260 1054 314 1108 tur
339 1032 511 1108 commune
526 1035 653 1120 ,inferat
675 1033 839 1103 damnum.
883 1030 934 1105 Ne
958 1036 1067 1132 itaque
1088 1059 1165 1129 pars
1187 1036 1257 1120 toti,

261 1149 466 1243 singularitas
496 1134 693 1242 praejudicet
718 1145 956 1232 communitati,
982 1148 1171 1242 adjunctum
1197 1165 1258 1232 est,

261 1261 427 1332 communi
461 1259 588 1329 utilitati
619 1276 756 1330 servata.
813 1258 868 1328 Ad
895 1259 982 1328 hunc
1012 1260 1131 1356 quippe
1160 1262 1286 1336 finem

262 1374 389 1457 omnia,
419 1396 502 1469 quae
532 1373 686 1464 gerimus,
714 1387 801 1442 recte
830 1369 942 1441 referri
964 1373 1132 1462 eonvenit3
1165 1389 1202 1442 ut
1223 1373 1257 1442 in

262 1486 413 1556 omnibus
443 1483 564 1554 scilicet
591 1499 753 1554 nontam
775 1482 942 1578 proprium
965 1483 1102 1579 quisque
1124 1485 1257 1570 bonum,

192 1675 199 1678 ,
262 1624 360 1695 quam
377 1622 549 1690 commuue
568 1593 721 1678 attendat,
743 1621 806 1664 nec
826 1610 894 1670 tam
914 1594 962 1664 roi
980 1594 1137 1680 familiari,
1160 1622 1258 1695 quam

188 1799 194 1804 ἱ
261 1710 408 1807 publicae
431 1707 608 1802 provideat,
630 1732 692 1776 uec
714 1721 780 1775 tam
802 1705 872 1790 sibi,
899 1731 997 1801 quam
1019 1709 1142 1801 patriae
1164 1709 1259 1780 vivat

261 1822 360 1892 Unde
385 1837 417 1890 et
437 1820 490 1890 ille
512 1820 637 1916 primus
661 1833 694 1888 et
709 1816 868 1888 maximus
883 1817 1015 1896 moralis
1030 1819 1257 1914 philosophiae
1334 1863 1336 1871 ·

263 1935 392 2018 doctor,
429 1929 581 2000 Socrates
616 1946 733 2000 cuncta
760 1931 795 1998 in
824 1956 996 2002 commune
1025 1931 1128 2024 redigi
1154 1949 1187 2002 et
1217 1932 1260 2002 ad

263 2070 435 2117 commune
471 2043 681 2113 commodum
715 2041 841 2113 censuit
869 2042 1040 2137 applicari,
1078 2059 1115 2112 nt
1141 2069 1259 2114 uxores

264 2180 456 2229 communes
477 2180 553 2237 esse
574 2154 772 2239 institueret,
795 2155 841 2223 ita
864 2156 988 2224 scilicet
1008 2171 1045 2223 ut
1065 2180 1162 2224 nemo
1184 2181 1261 2249 pro·

263 2271 352 2366 prios
382 2281 634 2358 recognosceret
661 2265 798 2349 liberos;
832 2267 897 2335 hoc
927 2281 977 2335 est
1004 2291 1073 2334 non
1103 2282 1170 2334 tam
1199 2267 1261 2336 sibi
1361 2303 1364 2318 ·

265 2407 323 2451 eos
347 2403 444 2476 quam
466 2377 589 2471 patriae
613 2376 779 2473 crederent
801 2392 991 2468 generatos,
1012 2393 1048 2446 ut
1070 2377 1151 2447 haec
1174 2378 1261 2449 vide·

263 2492 340 2561 licet
363 2488 579 2560 communitas
601 2514 738 2557 uxorum
760 2487 887 2557 nonin
917 2503 978 2556 osu
1007 2490 1112 2558 caruis
1140 2491 1200 2560 sed
1227 2491 1261 2561 in

264 2603 372 2674 fructu
393 2599 493 2697 prolis
512 2599 698 2694 accipiatur.
736 2596 838 2688 Quod
855 2613 920 2666 tarn
932 2592 1031 2684 verbo
1049 2626 1147 2696 quam
1162 2629 1262 2696 opere

264 2715 369 2784 Aulus
392 2712 558 2807 proprium
581 2711 762 2781 occidendo
785 2709 885 2811 lilium
906 2728 1111 2807 posterorum
1139 2740 1263 2785 memo·

264 2826 331 2895 riae
350 2824 480 2920 reliquit
500 2820 746 2917 inexemplum,
769 2849 843 2891 eum
862 2848 908 2908 se,
930 2824 1091 2926 inquiens,
1112 2851 1181 2897 uon
1199 2825 1263 2895 Ca·
1318 2921 1320 2930 x

266 2939 303 3028 ti(
314 2937 370 3009 fol.
392 2945 447 3010 36.
468 2934 510 3004 R.
518 2933 617 3026 >linae
642 2935 798 3004 adversus
819 2936 956 3029 patriam
979 2937 1038 3007 sed
1059 2938 1182 3032 patriae
1206 2939 1263 3006 ad·
1376 2993 1378 2998 ,

266 3075 378 3121 versus
409 3046 583 3116 Catilinam
613 3043 773 3140 genuisse.
799 3089 800 3094 κ
828 3047 894 3117 Hic
922 3075 998 3119 vero
1027 3049 1166 3142 justitiae
1193 3049 1265 3121 uelo

267 3185 438 3244 accensus,
460 3185 521 3228 uec
544 3159 578 3228 iu
600 3160 666 3231 lilio
688 3159 787 3229 filium
810 3185 905 3247 suum
924 3161 1127 3240 sedhostem
1141 3164 1265 3256 patriae
1301 3247 1303 3250 Ι

268 3273 481 3346 considerans
497 3271 695 3370 praedictam
710 3272 849 3364 justitiae
868 3271 1089 3342 definitionem
1107 3301 1177 3344 non
1198 3285 1266 3343 tam

268 3411 335 3470 ore,
355 3409 453 3484 quam
469 3408 568 3451 manu
584 3383 735 3453 exhibuit.
774 3382 931 3481 Quisquis
948 3384 1044 3477 igitur
1060 3385 1092 3453 in
1110 3386 1170 3454 hac
1187 3412 1266 3455 con-

269 3514 361 3566 stans
384 3512 433 3564 est
454 3494 629 3577 voluntate,
652 3521 749 3591 quam
772 3497 919 3574 diximus,
943 3513 979 3566 ut
997 3498 1037 3566 ab
1055 3522 1093 3565 ea
1107 3496 1200 3565 sarilo
1218 3497 1266 3564 di·

243 3611 392 3679 moveri
420 3633 498 3692 nou,
519 3607 633 3700 possit
653 3609 783 3692 virtute,
810 3608 912 3702 pollet
936 3609 1109 3701 justitia[e]
1140 3609 1269 3676 etiamsi
1377 3677 1378 3682 ,

268 3719 456 3790 fortitudine
481 3733 513 3786 et
534 3719 745 3811 temperantia
768 3719 914 3788 nondum
929 3795 931 3798 ,
945 3721 987 3788 sit
1013 3737 1281 3792 consummatus·

270 3831 339 3902 Sed
376 3831 453 3932 quia
486 3829 601 3925 quibus
638 3826 767 3899 difficile
797 3831 949 3903 amittitur
976 3831 1129 3910 recedere
1158 3847 1267 3901 tamen

270 3964 508 4039 nonnunquam
537 3939 653 4035 grandi
674 3939 783 4037 aliqua
804 3941 1033 4016 interveniente
1057 3966 1157 4014 causa
1180 3942 1267 4036 cogi·
