2798 4486
1108 215 1159 302 tu,
1245 204 1250 222 ¹

177 403 249 446 rum
276 375 460 446 aedificator
487 392 518 446 et
534 375 834 448 continentissimae
859 381 939 450 sicut
961 395 992 450 et
1013 405 1071 452 vus
1092 384 1154 478 ipsi
1240 410 1242 418 ·

89 554 97 568 ,
177 487 369 585 profitemini
391 488 490 569 vitae,
511 501 713 583 nequaquam
734 489 862 582 Epicuri
883 485 1033 586 tauquam
1054 495 1153 585 magi-

178 601 233 670 stri
262 598 311 666 sui
339 599 512 667 sententias
541 614 606 666 tam
629 600 738 670 crebro
762 600 803 668 ad
824 596 1063 676 instructionem
1085 629 1153 672 mo·
1231 619 1233 626 “

176 736 246 778 rum
268 708 449 792 induceret,
471 709 499 776 si
520 707 564 777 ita
585 724 621 777 ut
643 710 756 778 dicitur
777 711 955 781 sobrietatis
977 695 1072 808 atque
1093 713 1151 782 ho·

175 820 307 909 uastatis
329 819 487 896 tramitem
510 820 706 890 excessisset.
822 880 824 890 ,

210 1010 216 1022 ¹
250 927 479 1002 *Christian
519 930 604 1000 asto
620 946 656 999 ut
670 930 830 1014 aestimas,
852 934 909 1022 sed
928 934 1000 1018 boc,
1021 957 1152 1030 quaeso,

175 1037 278 1132 aperi,
306 1045 410 1108 utrum
440 1039 502 1108 boc
531 1042 628 1111 modo
657 1042 852 1137 voluptatem
877 1044 1088 1136 intelligentes
1111 1048 1151 1113 ab

107 1213 108 1216 ,
145 1224 149 1237 Ι
174 1149 232 1233 eis,
254 1149 309 1245 qui
328 1149 475 1224 virmtem
497 1152 672 1234 nominant,
694 1175 793 1222 sensu
815 1152 908 1223 etiam
931 1154 1012 1223 sicut
1034 1171 1066 1224 et
1082 1182 1151 1225 ver·

172 1259 223 1329 bis
244 1260 411 1330 dissident.

258 1370 415 1442 Philus.
458 1367 554 1442 Nulla
581 1387 636 1440 aut
663 1397 760 1466 parva
787 1389 940 1468 quantum
962 1375 1003 1443 ad
1024 1390 1150 1444 senteu-

173 1481 238 1550 tiae
266 1506 434 1564 summam,
451 1498 500 1552 est
528 1508 638 1553 eorum
666 1482 822 1557 distantia
866 1485 941 1554 Hoc
967 1486 1072 1580 ipsum
1091 1485 1151 1554 uir-

156 1582 293 1662 tutibus
312 1592 434 1686 pollere
452 1609 501 1662 est
522 1591 606 1662 banc
624 1593 748 1664 animae
766 1595 1019 1690 tranquillitatem
1033 1596 1149 1664 babere

52 1780 55 1789 Ι
174 1718 207 1770 et
228 1729 246 1772 e
268 1727 434 1778 converso.
538 1782 542 1792 Ι

260 1810 481 1884 Christian
524 1813 600 1883 Una
620 1813 727 1907 itaque
749 1814 905 1883 sententia
929 1831 978 1884 est
996 1830 1150 1885 utrorum-

175 1949 238 2016 que
253 1924 293 1992 de
310 1949 435 1994 summo
451 1926 549 2008 bono,
563 1949 638 1993 vero
654 1926 847 2017 nuncupatio
863 1923 999 2008 diversa3
1022 1952 1060 1993 ac
1075 1927 1159 2016 si(c)¹
1211 1941 1215 1944 ’
1299 1926 1303 1940 ’

174 2035 258 2103 duae
284 2035 356 2105 illae
386 2059 468 2129 quae
496 2034 682 2104 videbantur
702 2035 744 2104 de
758 2059 890 2104 ¹summo
913 2034 1001 2112 bono
1022 2050 1150 2104 senten-

174 2144 238 2216 tiae
259 2146 301 2213 ad
324 2169 420 2244 unam
441 2145 505 2215 sint
523 2154 556 2235 ¹)
577 2145 736 2214 redactae.

259 2255 414 2326 Philus.
455 2255 510 2325 sie
538 2255 683 2325 aestimo.

263 2363 551 2448 Christianllt
564 2391 659 2460 qnam
670 2387 751 2457 rogo
767 2365 849 2434 viam
864 2364 905 2432 ad
917 2364 980 2434 boc
994 2387 1152 2458 summum

175 2474 351 2546 bonum'id
374 2490 423 2545 est
444 2475 588 2545 virtutem
611 2474 817 2570 perveniendi
839 2475 1095 2550 constituebant?
1144 2527 1146 2532 -
1194 2571 1197 2576 Ι
1262 2493 1266 2507 ·

195 2635 199 2643 -
261 2585 415 2656 Philas.
456 2587 564 2681 Ipsum
592 2585 737 2682 prolecto
765 2584 893 2654 moralis
919 2584 1065 2654 lectionis
1087 2600 1152 2653 stu·

175 2698 267 2768 dium
287 2696 337 2767 rel
359 2695 540 2766 domandae
562 2697 666 2765 caruis
689 2695 870 2779 exercitium
890 2711 926 2763 ut
946 2697 1033 2765 bona
1048 2695 1082 2764 iu
1097 2695 1152 2764 ba·

173 2807 276 2878 bitum
298 2807 433 2878 solidata
453 2807 615 2891 voluutas,
636 2806 734 2885 virtus
758 2805 819 2874 dici
842 2821 948 2900 queat.

114 2903 115 2908 ἵ
184 2923 186 2928 ’
244 2915 480 2987 ¹Christian.
522 2917 565 2987 Et
588 2943 682 3011 quern
706 2941 777 2986 esse
800 2916 931 2985 beatum
951 2915 1138 2985 deliniunt?¹

264 3017 416 3100 Pliilos.
458 3027 597 3097 Beatum
619 3027 710 3122 quasi
727 3027 810 3095 bene
826 3042 936 3121 aptum
951 3026 1070 3107 dicunt,
1091 3025 1153 3092 hoc

177 3139 283 3208 estin
305 3137 453 3229 omnibus
476 3128 558 3206 bene
581 3152 613 3207 et
632 3135 725 3204 facile
753 3159 789 3206 se
818 3151 983 3228 agentem,
1009 3150 1047 3228 ut
1069 3135 1156 3202 idem
1264 3231 1265 3236 γ
1328 3228 1331 3236 Ι

83 3281 88 3297 =
178 3250 221 3318 sit
242 3248 360 3319 scilicet
381 3249 508 3316 beatum
530 3271 620 3338 esse,
648 3245 736 3343 quod
762 3245 856 3316 bonis
884 3245 1026 3317 manilius
1053 3244 1086 3314 id
1105 3237 1156 3313 'est

177 3358 344 3429 virtutibus
365 3357 498 3452 pollere.-
541 3446 544 3454 Ἴ

268 3467 486 3538 Christian.
529 3465 693 3563 Numquid
715 3467 756 3538 de
776 3462 1017 3559 immortalitate
1031 3462 1155 3532 animae

180 3593 213 3648 et
240 3577 378 3670 quadam
405 3578 528 3648 futurae
550 3577 632 3647 vitae
653 3579 849 3648 beatitudine
871 3578 1041 3673 quicquam
1062 3573 1156 3643 aesti-

180 3703 285 3770 mant,
307 3703 340 3758 et
360 3694 431 3758 eam
453 3714 512 3786 pro
534 3687 653 3760 meritis
674 3689 741 3760 suis
763 3689 967 3784 exspectant?

199 3917 234 3988 1)
249 3917 318 3979 tent
333 3917 395 3978 dub.
411 3918 572 3996 legaaunt.
