2740 4486
241 241 300 317 40

249 431 324 478 esce
346 430 440 476 suurn
461 414 643 493 potentiam
663 413 819 499 requirit,
844 417 949 482 etsie
971 419 1120 500 potentia
1141 420 1249 486 divino
1360 437 1362 456 ¹

183 547 190 551 ·
248 545 291 590 ex
311 544 348 588 se
370 526 566 607 sapientium
586 527 715 613 gignit,
735 539 773 591 nt
793 533 899 614 genus
922 533 1086 612 speeiem,
1110 531 1166 597 iel
1186 553 1247 598 ms·

248 640 334 705 toria
352 641 573 704 materiatum.
619 637 707 716 Quia
727 663 806 706 vero
831 655 1046 725 neapoterst
1074 643 1158 724 dici,
1195 667 1247 727 po-
1361 699 1362 704 ,

248 754 355 819 tentia
379 754 446 817 ista
480 764 531 832 est
565 757 726 833 materia,
760 756 924 837 sapientis
961 767 1013 820 est
1033 760 1246 840 materiatum,
1361 813 1362 836 1

249 868 327 951 quia
346 867 495 957 potentia
517 876 654 930 aeterna
676 879 745 945 est,
769 869 934 949 sapientia
957 883 1153 950 coaeterno,
1176 873 1245 940 ideo

250 977 449 1046 nauclerum
478 987 530 1043 cst
555 975 620 1047 hoo
657 999 777 1043 nornen
807 991 903 1062 peter
932 981 974 1046 ad
1003 982 1248 1070 significandam

249 1093 430 1184 potentiam
458 1090 623 1171 divinam,
657 1091 746 1157 filins
777 1090 820 1156 ud
853 1093 1106 1178 significandum¹
1124 1079 1258 1178 sapien?

250 1203 350 1287 tiara,
384 1207 461 1290 quia
490 1217 528 1270 ut
557 1203 699 1270 diximus
720 1206 885 1287 sapientia
906 1206 1114 1272 discernendi
1136 1194 1250 1274 estex

250 1320 399 1404 putentia
429 1316 503 1383 ilia.
556 1315 624 1382 Sed
660 1318 808 1399 potentia
830 1339 896 1383 non
919 1331 972 1384 est
1003 1341 1045 1384 cx
1076 1323 1249 1403 sapientia,

250 1437 336 1502 siout
358 1433 448 1499 filius
470 1445 522 1497 est
545 1455 588 1498 ex
600 1443 705 1514 petre,
728 1454 794 1498 non
815 1445 912 1515 peter
933 1455 977 1500 cx
998 1433 1082 1515 filio,
1105 1436 1251 1521 sedquis

250 1546 457 1624 multisunt,
481 1547 536 1630 qui
557 1558 695 1628 possunt
717 1557 750 1610 et
771 1548 897 1624 sciunt,
922 1569 983 1612 nec
1006 1561 1117 1615 tamen
1137 1551 1253 1616 volunt

252 1673 287 1728 et
305 1661 383 1726 ideo
404 1660 483 1726 telis
504 1662 654 1742 potentia
675 1671 708 1723 et
729 1658 969 1726 talisscientia
991 1663 1034 1726 ad
1057 1662 1181 1729 nullum
1203 1665 1251 1730 ai·
1295 1641 1297 1644 Ι

251 1776 375 1863 fectum
395 1777 609 1858 perveniunt,
641 1773 718 1838 idco
739 1772 792 1837 illi
814 1772 946 1839 divinae
969 1779 1134 1842 essentiae
1157 1797 1252 1841 coae-

236 1901 348 1954 ,sterne
379 1909 507 1972 quoque
542 1884 697 1951 voluntas
727 1886 834 1950 adest.
878 1886 966 1963 Quia
997 1909 1077 1952 vero
1101 1879 1252 1956 voluntas
1309 1889 1312 1894 ’

250 2020 319 2068 non
342 2013 394 2068 est
414 2003 582 2083 potentia,
605 2001 681 2064 ideo
705 2022 770 2064 non
794 2002 940 2064 continet
962 2004 1170 2084 sapientiam,
1192 2023 1252 2067 nec

250 2118 440 2181 continetur
468 2136 489 2178 a
509 2115 669 2196 potentia.
716 2109 792 2178 Non
819 2114 921 2200 igitur
948 2117 1054 2200 gignit
1076 2136 1121 2180 cx
1142 2136 1179 2180 se
1201 2136 1255 2180 se·

252 2229 410 2314 pientiam
432 2230 536 2292 etita
556 2249 622 2292 non
645 2239 696 2291 est
717 2240 811 2310 pater
833 2248 894 2292 nec
908 2230 1038 2315 genitor
1061 2230 1254 2310 spotcntin,

255 2355 290 2408 et
309 2344 359 2408 sio
381 2363 448 2408 non
470 2354 521 2405 est
541 2341 651 2420 filius,
685 2343 743 2405 scd
766 2343 915 2424 procedit
936 2365 957 2406 e
977 2344 1127 2424 potentie
1149 2353 1185 2409 et
1203 2362 1257 2408 se·

254 2457 380 2541 pientia
407 2454 491 2520 haec
523 2453 696 2532 voluntas,
730 2457 807 2538 quie
836 2457 912 2520 ideo
942 2456 1014 2520 vuit
1033 2455 1127 2521 Dens
1150 2458 1260 2520 omnia

212 2551 215 2556 Ι
252 2590 342 2653 quoe
363 2569 463 2648 iacit,
498 2570 576 2652 qnia
597 2581 729 2651 potest,
763 2571 940 2652 quiescit,
964 2591 1029 2632 non
1053 2570 1261 2634 antemideo

253 2692 366 2766 potest
387 2683 463 2766 qnia
485 2683 564 2770 scit,
581 2682 636 2746 vei
659 2684 736 2766 quia
756 2681 841 2747 vult.
886 2681 982 2748 Haec
1001 2683 1168 2764 processio
1182 2683 1260 2746 inde

257 2773 326 2873 esd,
361 2795 439 2878 qnia
460 2793 544 2859 haec
566 2795 739 2875 voluntas,
774 2817 857 2878 quae
879 2807 931 2858 cst
953 2807 985 2858 et
1007 2795 1159 2874 bonitas,
1187 2796 1262 2858 sive

255 2906 463 2994 benignitas,
491 2911 573 2974 sive
594 2911 699 2995 magis
729 2911 868 2988 caritas,
900 2931 942 2974 ex
965 2910 1201 2992 omnipotentia
1223 2920 1261 2972 at

258 3022 507 3103 omnisapientin
528 3025 609 3086 exit.
653 3022 746 3087 Dens
769 3025 855 3087 onim
878 3044 949 3086 cnm
981 3023 1080 3103 plene
1100 3022 1145 3085 sit
1165 3020 1264 3086 suifi-

259 3135 357 3200 ciens‘
371 3133 447 3214 sibi,
464 3157 535 3200 curn
549 3135 654 3200 nihilo
671 3137 832 3221 indigeat,
854 3137 888 3208 in
911 3133 1001 3198 nullo
1025 3133 1089 3198 sibi
1102 3135 1266 3216 prodesse

255 3257 377 3330 potest.
408 3245 490 3312 Cum
510 3251 738 3328 serenantes,
761 3261 796 3312 ot
821 3247 898 3310 dicit
922 3244 1115 3332 Gregorius,
1137 3247 1269 3310 vicaria
1361 3249 1362 3254 ’

257 3360 314 3438 sit,
336 3361 412 3443 quia
434 3382 498 3426 non
514 3371 625 3442 potest
647 3382 720 3424 esse
742 3361 913 3437 adunans,
938 3379 1033 3442 quam
1055 3361 1143 3422 inter
1164 3357 1267 3438 dnos,

255 3473 342 3536 unde
368 3470 519 3538 Christus
545 3473 641 3537 binos
664 3484 740 3537 onte
762 3494 800 3538 sc
830 3470 980 3536 mittebat
1002 3469 1193 3553 apostolos,
1227 3481 1269 3534 et
1361 3551 1362 3562 ἵ

255 3585 328 3669 ipsc
340 3583 433 3650 Deus
446 3599 482 3650 nt
494 3585 612 3653 dictum
625 3599 677 3652 cst
688 3586 783 3673 si[bi]
795 3587 946 3651 misereri
964 3595 1001 3660 et
1014 3583 1172 3666 prodesse
1195 3602 1271 3646 non

248 3698 381 3779 possit,
411 3719 482 3762 cum
505 3696 585 3777 hoc,
619 3701 770 3784 inquam,
799 3700 864 3777 sit,
887 3719 967 3784 erga
992 3707 1271 3761 creaturas-suas
1361 3701 1362 3716 ¹

257 3808 366 3874 decuit
377 3813 527 3876 exerceri
541 3833 614 3878 earu
623 3821 678 3892 Η),
698 3813 785 3877 done
796 3833 856 3876 sua
868 3809 1009 3898 singulis
1022 3831 1080 3893 pro
1092 3805 1269 3872 libertatis

255 3937 336 3988 suae
359 3921 493 3989 arbitrio
517 3924 705 4005 dividendo,
728 3923 791 3990 hoc
812 3922 864 3990 ilii
886 3921 970 4033 iliud
990 3920 1065 3988 huie
1084 3941 1145 4004 pro
1160 3917 1272 4000 ruodo
