2740 4486
663 505 769 590 Caput
792 503 908 574 XXX·

545 687 548 697 .
581 644 628 700 lle
650 653 826 701 sacramento
845 647 991 700 unctionis.

371 765 423 831 De
439 776 644 830 sacramento
660 769 821 830 unctionis
835 768 1009 831 videndum
1025 779 1140 834 restat.
1169 767 1282 836 Scien-

285 878 360 942 dum
378 881 493 964 igitur,
519 876 581 940 lmc
597 891 835 941 sacramentum
852 899 926 942 esse
942 880 1090 962 ejusdem
1105 883 1154 944 rei
1171 905 1281 948 sacra·

282 1005 445 1068 mentum,
479 992 574 1074 cujus
596 1003 628 1053 et
653 1003 893 1054 sacramentum
920 989 1054 1070 altaris,
1090 995 1168 1076 quia
1188 993 1281 1061 illum

283 1110 470 1171 unctionem
494 1107 607 1187 capitis
630 1118 663 1168 et
685 1104 900 1171 membrorum
923 1109 1110 1192 significat,
1128 1132 1211 1193 quae
1228 1133 1282 1176 sa·

283 1235 449 1284 eramento
478 1220 593 1284 altaris
622 1219 838 1305 significatur.
891 1219 1009 1284 Unctio
1037 1226 1124 1288 enim
1149 1227 1215 1288 ista
1237 1225 1282 1287 si·

283 1344 338 1397 cut
360 1334 444 1395 trina
468 1334 502 1394 in
526 1334 631 1413 capite
647 1336 828 1415 praecessit
850 1335 898 1398 sic
923 1346 957 1398 et
980 1337 1015 1399 in
1032 1336 1282 1420 nuembris'sub·

282 1423 441 1536 sequitur.
477 1441 600 1508 Verum
624 1442 782 1526 quiahoc
805 1460 1044 1511 sacramentum
1063 1449 1213 1514 ultimum
1231 1461 1283 1515 est

284 1560 443 1632 omnium,
477 1569 510 1618 et
539 1558 634 1638 quasi
662 1559 917 1638 consummatio,
945 1560 1021 1624 ideo
1049 1565 1282 1648 praerogativa

282 1668 440 1751 quadam,
470 1667 548 1732 licet
569 1670 603 1736 in
627 1668 701 1732 aliis
724 1673 836 1733 unctio
861 1673 1087 1753 contineatur,
1118 1673 1180 1738 hoc
1202 1698 1282 1740 unc·

282 1783 380 1846 tionis
414 1796 652 1846 sacramentum
676 1787 752 1866 Jura
781 1798 936 1864 vocatur,
971 1788 1057 1869 quod
1087 1789 1216 1871 quidem
1247 1792 1282 1854 in
1352 1807 1353 1820 ³

281 1899 386 1977 capite
410 1908 533 1959 nostro·
553 1893 706 1973 Christo,
736 1908 772 1958 ut
795 1895 913 1961 dictum
936 1911 998 1976 est,
1021 1901 1106 1964 trina
1127 1923 1283 1983 praeces·
1352 1909 1353 1986 f

279 2009 335 2072 sit.
374 2005 468 2072 Unda
486 2021 518 2070 et
535 2006 703 2087 Christus,
726 2007 758 2069 id
775 2021 847 2086 est,
870 2009 1045 2075 chrismate
1060 2026 1189 2091 unctus,
1213 2016 1283 2078 dic·

279 2135 331 2185 tus
355 2135 416 2186 est.
460 2121 536 2205 lpse
558 2143 698 2205 namque
728 2119 803 2196 oleo
835 2124 999 2204 spirituali
1028 2124 1069 2189 ab
1099 2128 1172 2208 ipsa
1200 2149 1282 2192 con·

280 2237 430 2315 ceptione
451 2247 567 2298 unctus
581 2235 655 2298 fuit.
687 2233 784 2299 Unde
800 2249 834 2298 et
853 2233 1026 2302 Christus:
1050 2239 1189 2320 Spiritus
1208 2239 1282 2305 Do-

280 2350 360 2411 nrini
383 2369 482 2428 super
502 2369 568 2424 me,
592 2369 632 2411 eo
657 2348 743 2430 quod
765 2351 897 2413 unxerit
917 2372 991 2415 me:
1020 2352 1061 2414 ad
1083 2357 1282 2418 annuntian·
1351 2393 1352 2400 κ

278 2461 353 2524 dum
376 2462 557 2524 mansuetis
579 2461 671 2524 misit
692 2483 766 2538 me,
788 2472 824 2525 ut
844 2463 994 2526 mederer
1023 2467 1182 2531 contritos
1206 2489 1281 2531 cor-

278 2573 341 2646 de;
377 2586 411 2635 et
433 2587 554 2636 cetera·
599 2571 687 2636 Hinc
716 2573 814 2636 etiam
842 2574 1031 2656 psalmista:
1058 2577 1206 2643 dilexisti
1225 2583 1282 2663 ju·
1352 2581 1353 2598 l

277 2689 400 2751 stitiam
442 2699 476 2750 et
511 2685 611 2749 odisti
646 2688 875 2769 iniquitatem,
916 2701 1088 2769 propterea
1121 2693 1216 2755 unxit
1247 2705 1282 2756 te
1351 2671 1353 2688 ⁴

247 2855 252 2874 s
277 2797 390 2878 Deus,
413 2811 446 2862 et
468 2812 591 2863 cetera.
636 2797 758 2864 Postea
780 2801 933 2880 perunxit
954 2799 1065 2866 Maria
1087 2802 1186 2882 pedes
1204 2805 1282 2887 ejus
1352 2803 1353 2876 Q

276 2912 311 2975 in
335 2911 429 2974 domo
453 2909 596 2990 Simonis
617 2909 760 2992 leprosi,
783 2911 901 2976 deinde
922 2925 1035 2999 caput,
1060 2915 1188 2996 quando
1206 2915 1284 2980 ala·

278 3023 422 3088 bostrum
445 3025 531 3088 fudit
551 3045 649 3107 super
680 3038 776 3106 caput
805 3028 890 3110 ejus.
934 3025 1007 3089 Has
1038 3025 1120 3091 duas
1150 3031 1282 3096 unctio·
1352 3037 1353 3066 ³

277 3159 336 3203 nes
359 3143 520 3222 suscepit,
544 3143 621 3223 quia
641 3148 757 3204 rex'et
779 3139 935 3204 sacerdos
957 3153 1040 3204 erat.
1071 3139 1168 3218 Duae
1185 3140 1283 3206 sirni-

276 3252 354 3318 liter
376 3275 538 3334 personae
559 3267 746 3338 unguuntur
773 3255 807 3317 in
831 3252 991 3332 ecclesia,
1018 3275 1079 3316 rex
1111 3267 1144 3318 et
1165 3276 1283 3318 sacer-

277 3366 355 3444 dos,
378 3386 443 3428 una
465 3369 571 3453 major
593 3365 700 3429 altera
721 3367 838 3430 minor.
868 3365 982 3430 Minor
1003 3387 1082 3429 vero
1106 3387 1126 3430 a
1147 3370 1281 3450 majore

274 3481 488 3560 benedicitur,
511 3493 549 3544 ut
567 3480 748 3563 Apostolus
768 3484 826 3546 ait.
859 3479 898 3545 ln
920 3481 1076 3544 unctione
1098 3477 1198 3568 igitur
1217 3505 1282 3564 pe·

275 3593 350 3658 dum
372 3596 478 3658 minor
498 3615 660 3676 persona,
688 3594 813 3672 idest,
847 3595 1025 3674 sacerdos,
1054 3597 1090 3658 in
1119 3598 1293 3660 unctione
1352 3639 1353 3662 t

190 3776 194 3782 ,
275 3709 391 3790 capitis
413 3710 536 3790 major,
559 3706 594 3769 id
616 3719 685 3786 est,
712 3728 775 3772 rex
802 3707 973 3792 figuratur.
1022 3707 1132 3772 David
1162 3709 1280 3785 etiam,

274 3823 328 3907 qui
351 3825 385 3884 ln
408 3819 530 3884 Christi
559 3819 666 3906 figura
694 3823 895 3902 praecessit,
921 3834 1039 3886 unctus
1062 3821 1165 3886 fuisse
1187 3820 1281 3906 legi·
1351 3801 1353 3834 r

216 4007 224 4022 fl
272 3947 342 4018 tur,
364 3937 467 4021 primo
490 3935 525 4002 in
554 3933 652 4002 domo
680 3935 783 4020 patris
806 3954 827 4000 a
848 3932 1023 4017 Samuele,
1054 3935 1199 4009 secundo
1215 3953 1279 4000 su·
