2806 4492
256 257 290 331 X
322 353 328 368 e

256 442 403 523 oodiois
413 442 544 522 nostri
557 467 639 522 non
650 443 702 523 ad
713 441 886 522 verbum
900 468 1111 552 expressa,
1122 445 1259 554 quam

257 589 477 670 admodum
503 589 539 668 ii·
555 590 705 698 opinati
737 603 830 668 sunt
866 591 945 698 qui’
959 589 1091 672 obiter
1117 591 1193 671 hos
1218 591 1261 670 ti:
1392 623 1401 656 ι

256 734 357 816 bros
383 738 608 866 impertisse
635 735 846 836 videntur,
876 737 1082 846 reperias,
1120 765 1259 849 quam-

256 905 384 993 quam
396 883 513 962 vario
527 881 651 961 modo
668 879 776 961 inter
789 909 832 960 se
844 885 1107 963 conveniant.
1137 881 1259 986 Quae

257 1039 476 1133 praeterea
489 1029 539 1105 in
555 1027 865 1124 dntroduotione
884 1016 1047 1128 adsunt,
1061 1041 1151 1107 non
1177 1055 1261 1108 am-

250 1173 363 1280 plius
373 1185 571 1264 accurate
598 1171 670 1252 sed
700 1172 822 1251 modo
848 1175 1104 1276 summatim,
1133 1173 1191 1254 ita
1211 1174 1259 1254 ut

251 1333 301 1399 et
316 1318 443 1400 verba
458 1333 499 1400 et
521 1319 621 1428 ipsa.
631 1319 933 1428 argumentatio
950 1345 1128 1427 »prorsus
1140 1319 1263 1422 ‚aiffa

258 1461 367 1566 ran't,
386 1464 517 1544 relata
545 1465 676 1543 suntiz¹
706 1464 841 1544 Filum
858 1463 1052 1543 orationis
1072 1463 1115 1543 in
1131 1465 1260 1544 Intro·

257 1609 367 1691 dunt.
386 1609 443 1690 L.
470 1607 534 1687 111.
563 1635 598 1688 o.
630 1627 679 1706 7,
714 1606 847 1688 media
878 1609 922 1687 in
954 1635 1001 1687 re
1041 1607 1259 1718 abruptum

251 1781 352 1839 'esse
392 1767 563 1836 oonstat.
622 1754 780 1836 Noster
798 1767 944 1834 autem
982 1753 1114 1838 sodex
1134 1770 1260 1836 mate·

257 1903 364 1982 riam
387 1929 413 1982 a
429 1878 627 1985 Petroin
642 1901 945 1984 Introductione
969 1915 1187 1982 tractatam
1204 1904 1260 1982 ul·
1401 1937 1402 1982 t

256 2048 386 2130 terius
407 2047 688 2158 persequendo
705 2075 803 2168 ³(trem
822 2074 884 2148 oa,
905 2048 1076 2157 quaeda
1095 2049 1261 2128 attribu·

189 2207 192 2222 ¹
257 2195 309 2273 tis
324 2194 401 2274 Dei
417 2194 461 2272 in
474 2194 776 2291 Introductione
793 2193 1091 2296 desiderantur,
1110 2191 1258 2303 adjicit,

257 2356 347 2421 tum
365 2339 463 2422 alias
480 2367 641 2451 quoque
660 2340 910 2449 dogmaticas
929 2342 1185 2449 quaestiones
1204 2356 1261 2422 at-

255 2487 389 2598 tingit.
867 2475 876 2493 '

375 2634 547 2714 Haecin
565 2634 804 2714 universum
824 2631 873 2712 de
890 2633 1133 2741 argumento
1155 2631 1260 2711 oodi·

258 2779 316 2862 eis
335 2781 465 2861 nostri
495 2777 660 2890 ejusque
688 2781 887 2862 relatione
917 2780 968 2874 ad
995 2779 1261 2865 Introductio-

258 2951 355 3006 nem
376 2927 568 3036 Magistri
590 2927 713 3007 Petri.

374 3073 467 3154 Jam
489 3087 644 3172 autem,
675 3086 718 3150 ut
733 3069 964 3170 videamus,
987 3095 1067 3180 quo
1086 3064 1175 3176 jur'e
1196 3068 1262 3148 hio

253 3215 365 3311 ,liber
381 3218 611 3300 Abaelardo
627 3211 827 3300 vindioari
847 3215 989 3325 possit,
1007 3228 1103 3294 ante
1126 3213 1262 3293 omnia
1348 3319 1350 3324 Α

259 3362 441 3472 quaestio
465 3363 735 3473 proponenda
752 3391 843 3444 esse
858 3362 1033 3461 videtur,
1053 3385 1151 3440 num
1169 3358 1262 3437 libri

260 3506 470 3620 cujusdam
516 3511 878 3614 „Sententiarum“
925 3507 1155 3590 Abaelardo
1196 3502 1265 3585 ad-

191 3744 192 3756 ,
259 3654 400 3766 soripti
416 3657 590 3768 vestigia
610 3657 829 3740 Abaelardi
850 3673 1038 3765 tempore
1063 3654 1131 3736 vel
1154 3649 1264 3761 apud

261 3828 353 3882 eum
383 3806 449 3885 vel
481 3807 589 3916 apud
615 3808 741 3914 'alium
771 3805 934 3904 virum,
962 3798 1048 3906 ejus
1074 3814 1262 3907 tempore

258 3948 487 4056 viventem,
516 3953 700 4067 indagari
719 3952 904 4064 possint?
930 3945 1066 4060 Atque
1087 3948 1145 4027 ita
1168 3969 1264 4056 pro·
