2798 4486
1091 335 1137 408 61
1246 436 1250 450 1

153 486 321 572 titudinem
328 507 351 582 ,'
369 496 448 567 s'ient
475 497 509 566 i'n
532 496 675 567 seeundo
698 497 878 591 topicorum
898 486 1029 572 auorum
1051 503 1138 574 Boe·
1205 495 1208 503 ’

154 611 241 681 thius,
266 625 372 679 vester
402 609 619 678 Themistium
636 625 775 678 ‘secutus
805 629 1042 686 commemorat.
1091 611 1139 684 lhi
1239 635 1240 638 ’

155 706 272 816 quippe
301 747 374 790 euru
403 721 443 790 de
466 720 538 826 luco
566 719 661 790 affine
691 719 860 813 subjiceret
889 723 1082 818 exemplum,
1110 726 1138 795 si

154 836 299 916 beatum,
320 831 438 926 inquit,
467 832 682 912 essebonum
706 847 755 900 est
776 847 808 901 et
827 834 947 926 justitia
970 836 1056 904 hona
1079 853 1147 906 est.
1264 863 1267 868 ·

155 945 218 1014 Hic
241 945 324 1012 enirn
347 943 391 1012 ait
412 943 483 1011 finis
508 959 556 1040 est
577 942 731 1036 justitiae,
760 957 795 1010 ut
817 942 936 1039 siquis
960 947 1137 1016 secuudum

121 1116 126 1122 .
153 1056 304 1150 justitiam
326 1054 409 1124 vivat
431 1053 472 1122 ad
494 1053 721 1124 beatitudinem
743 1055 944 1148 perducatur.
982 1056 1070 1126 Eece
1086 1058 1138 1126 hic

155 1182 264 1262 aperte
280 1181 437 1235 monstrat
452 1154 730 1234 beatitudiuem'in
745 1165 1017 1257 retributionem]
1033 1171 1136 1262 justae
1228 1185 1231 1200 '

154 1279 238 1348 vitae
250 1277 405 1370 'positam
421 1302 505 1360 esse,
528 1292 560 1345 et
579 1277 673 1346 nohis
697 1274 834 1368 (sohar).
850 1273 906 1370 R.)
927 1278 1136 1350 intentionem

155 1394 238 1482 juste
264 1387 390 1456 vivendi
414 1393 507 1470 esse,
534 1402 570 1455 ut
591 1387 632 1457 ad
654 1386 730 1454 illud
752 1387 982 1481 perveniamus.
1028 1387 1137 1480 Quam

59 1579 67 1602 ι
154 1515 192 1570 ut
219 1497 355 1568 arbitror
374 1497 603 1568 beatitudiuem
625 1497 782 1592 Epicurus
805 1498 1013 1594 voluptatem,
1044 1500 1168 1572 Chri.
1268 1518 1271 1532 '

143 1627 224 1696 etue
245 1623 350 1678 vester
369 1635 502 1700 reguum
530 1609 691 1688 eaelomm
718 1609 871 1685 nominat.
917 1610 1007 1699 Quid
1030 1631 1136 1683 autem

122 1813 124 1820 Ι
156 1721 252 1792 refert
273 1723 336 1815 qud
359 1721 488 1789 numine
504 1723 656 1790 vocetur?
679 1719 852 1790 dummodo
871 1747 922 1790 res
939 1723 1051 1793 eadem
1065 1751 1136 1819 per·

157 1837 298 1917 maneat,
326 1856 386 1900 nec
414 1831 454 1930 sie
477 1831 644 1951 heatitudo
675 1830 799 1900 diversa
824 1857 885 1902 nec
906 1835 988 1925 juste
1010 1835 1137 1904 vivendi

156 1942 356 2040 philosophis
375 1965 471 2036 quam
489 1940 666 2010 christianis
681 1940 814 2010 intentio
829 1960 1044 2036 praeponatur
1058 1945 1135 2030 aliae

157 2073 192 2126 ut
206 2054 291 2126 euim
307 2078 375 2137 vos,
396 2053 479 2122 sicut
494 2067 526 2121 et
542 2051 682 2135 nou-hie
697 2051 801 2121 vivere
822 2055 905 2145 juste
926 2053 1134 2148 disponimus,

157 2183 192 2236 ut
210 2165 275 2234 illie
297 2163 517 2256 glorificemur,
540 2179 572 2232 et
594 2177 705 2233 eontra
718 2162 792 2232 vitia
806 2187 997 2258 pugnamus,
1018 2180 1054 2233 ut
1069 2193 1134 2234 me·

65 2278 66 2284 '
157 2277 224 2346 ritis
246 2275 394 2343 virtutum
415 2273 478 2344 illic
501 2265 705 2359 eoronemur,
734 2298 893 2345 summum
913 2273 991 2344 illud
1014 2275 1136 2346 seilicet
1191 2281 1195 2290 ’

158 2388 278 2456 honum
298 2409 358 2479 pro
378 2383 527 2455 mercede
549 2384 664 2479 adepti.

246 2493 468 2565 Christian.
510 2496 611 2566 Immo
634 2495 730 2588 louge
751 2512 903 2592 quantum
919 2497 1060 2592 percipio
1075 2524 1133 2567 no·

158 2624 224 2678 stra
244 2607 278 2675 in
298 2605 361 2675 hoc
384 2619 415 2674 et
436 2621 541 2674 vestra
561 2607 713 2690 intentio,
742 2631 836 2701 quam
858 2608 969 2678 merita
991 2625 1066 2677 suut
1088 2609 1133 2676 di·

54 2803 57 2812 ,
157 2741 249 2789 verra
276 2730 308 2785 et
336 2715 375 2784 de
402 2715 474 2810 ipso
504 2742 631 2812 quoque
659 2736 784 2787 summo
809 2717 897 2787 hono
919 2717 986 2788 nou
1007 2707 1133 2793 modice

159 2827 373 2898 dissentimus.
431 2863 434 2868 ·

243 2935 396 3006 Philus.
439 2936 476 3004 ld
499 2935 651 3022 obsecro,
674 2937 702 3006 si
723 2937 823 3021 vales,
844 2932 1006 3032 aparine
1132 3031 1134 3034 ι

244 3045 465 3116 Christian.
508 3045 612 3119 Nemo
634 3065 719 3117 recte
737 3071 897 3115 summum
911 3049 1032 3117 honum
1048 3047 1133 3134 dicit,
1185 3081 1187 3087 ·

158 3183 223 3254 quo
243 3159 346 3250 majus
368 3157 499 3252 aliquod
515 3158 681 3227 invenitur.
717 3153 817 3246 Quod
835 3156 919 3225 enim
935 3157 1066 3258 iuferius
1083 3161 1132 3229 vel

156 3269 262 3338 minus
285 3279 334 3337 es't
355 3267 472 3362 aliquo,
493 3268 527 3336 id
549 3268 636 3338 nullo
658 3282 750 3363 pacto
774 3291 957 3361 supremum
979 3268 1028 3336 vel
1048 3254 1133 3363 sum·
1185 3347 1187 3352 ,

1 3383 3 3393 ’
88 3456 91 3461 ,
156 3405 245 3448 mum
267 3376 330 3446 dici
351 3393 464 3476 petest.
503 3369 644 3448 Omuem
666 3403 741 3447 vero
758 3377 986 3465 beatitudinem
1000 3380 1051 3448 vel
1066 3361 1133 3471 gio·

157 3489 238 3558 riam
260 3488 431 3556 humanam
451 3487 548 3582 louge
571 3505 602 3558 et
622 3485 825 3557 ineffabiliter
847 3511 866 3558 a
896 3488 1003 3557 diviua
1030 3505 1133 3558 trans·

158 3597 252 3668 cendi
278 3613 414 3669 constat.
456 3596 553 3668 Nulla
573 3598 667 3690 igitur
686 3613 811 3692 praeter
831 3597 917 3667 illam
938 3603 1024 3668 reete
1047 3623 1133 3689 sum·
1166 3661 1169 3668 .

157 3732 211 3776 ma
237 3707 453 3802 nuncupanda
475 3724 538 3804 eeu
569 3724 694 3803 praeter
718 3708 824 3803 ipsum
851 3708 930 3777 nihil
957 3693 1026 3803 jhre
1047 3734 1133 3780 sum·

157 3843 246 3888 mum
266 3819 387 3888 honum
408 3817 530 3888 dicitur.
614 3896 616 3900 ,

59 4021 62 4030 ⁴
242 3925 395 3999 Philus.
439 3925 515 3998 Nou
543 3928 606 3998 hoc
634 3927 705 3998 loeo
728 3926 872 3998 absolute
895 3951 1054 4028 summum
1075 3929 1157 4004 be·¹

157 4063 245 4124 num,
263 4039 325 4111 sed
346 4064 513 4130 summurn·
526 4037 664 4110 huminis
686 4036 1033 4118 honumintendimus.
