2774 4486
573 169 902 241 *aa*

149 385 154 396 -
195 347 398 415 intellectum
439 343 673 424 intercederet,
717 344 963 410 examinaverat
1000 345 1282 430 restrinxeratque

195 447 329 537 (passim
342 445 389 511 th.
406 445 484 510 ll·-
495 446 625 514 lllmd.
637 447 715 513 intr.
731 446 773 525 ll,
787 444 917 528 1-10)
930 448 1094 532 exposuit,
1111 445 1282 532 quomodo
1384 463 1385 466 ’

194 547 461 618 adversariorum
475 547 679 634 quaestiones
694 559 790 630 atque
803 547 1003 612 obiectiones
1018 548 1206 612 dialecticae
1220 563 1283 612 um

197 663 309 720 contra
324 649 428 714 iidem
442 650 596 716 trinitatis
611 648 853 737 propositaetfil
870 649 1017 714 eiusdem
1030 649 1118 721 artis,
1140 671 1203 734 qua
1218 669 1283 714 na-

195 765 250 824 tae
263 764 382 828 essent,
391 750 553 818 benelicio
564 751 825 834 refutariquid?
837 751 923 836 quod
940 752 1047 839 ipsum
1059 750 1142 816 illud
1153 759 1283 836 myste-

194 859 284 924 rium
299 853 459 920 illustrari
472 864 569 940 atque
582 852 721 932 stabiliri
735 863 842 940 posset
856 852 916 938 (th.
933 854 981 917 111
998 853 1064 917 md.
1081 863 1113 916 et
1127 851 1186 916 lv.
1200 851 1281 938 intr.
1384 903 1385 910 ,

194 959 236 1034 ll,
252 953 437 1040 tt-tin.).
481 954 652 1020 Postremo
666 955 818 1032 ostendit,
840 957 938 1020 etiarn
954 955 993 1020 ad
1009 951 1281 1042 amplificandam
1384 935 1385 984 i

192 1061 296 1132 iidem
310 1055 555 1146 philosophiam
568 1078 636 1121 esse
656 1057 767 1122 utilem
783 1056 844 1141 (th.
855 1053 1021 1120 valon.
1038 1056 1110 1140 111).
1130 1061 1281 1120 Verum·
1383 1055 1385 1080 l

194 1163 366 1230 enimvero
389 1179 492 1244 quum
515 1157 602 1222 haud
620 1178 739 1245 pancos
759 1182 829 1224 esse
846 1158 963 1236 sciret,
982 1159 1037 1244 qui
1051 1178 1184 1222 omnem
1199 1155 1282 1242 phi-

192 1261 360 1349 losophiae
374 1259 410 1326 in
431 1260 529 1330 rebus
543 1258 736 1325 Christianis
750 1259 929 1325 tractandis
946 1283 1041 1325 usum
1056 1260 1154 1346 plane
1169 1258 1279 1323 reior-
1383 1339 1385 1348 A

193 1366 374 1438 midaaent,
407 1361 489 1426 iidei
517 1359 743 1426 defensionem
773 1363 861 1428 illius
884 1386 948 1450 opo
969 1362 1150 1429 institutam
1171 1361 1278 1450 ipsam

192 1463 386 1534 defensione
399 1463 549 1549 indigere
562 1464 661 1529 sensit
673 1458 937 1549 rigidiornmqne
949 1464 1181 1552 theologorum
1196 1483 1279 1529 cen·

192 1591 290 1636 surae
303 1565 404 1632 variis
418 1564 619 1652 argumentis
632 1585 808 1632 occurrere
819 1565 1005 1652 studuittt).

245 1751 292 1819 45)
316 1753 389 1836 Quot
409 1759 580 1874 alpinaenam
601 1767 639 1805 ex
655 1750 709 1803 illis
757 1751 829 1805 inter
840 1751 1012 1806 scholasticas
1022 1752 1157 1825 agitatam:
1177 1761 1277 1814 unum,
1383 1755 1385 1764 ’

193 1821 387 1877 obiectionibus
409 1821 438 1876 X
486 1829 580 1873 contra
604 1820 709 1872 trinita·
758 1823 781 1874 si
802 1823 959 1890 protoplasti
976 1838 1030 1874 non
1048 1831 1218 1889 peccassent,
1239 1821 1277 1873 li·

194 1902 247 1945 tam
266 1902 292 1945 et
304 1893 369 1945 Vlll
387 1899 481 1943 contra
499 1891 626 1942 unitatem
644 1904 709 1957 pro-
758 1891 816 1944 lrer'i
840 1905 932 1946 eonrrn
950 1905 1011 1944 oum
1035 1893 1128 1943 eadem
1151 1891 1276 1957 corporis

193 1961 305 2030 positis,
330 1976 398 2030 quae
424 1959 492 2013 1266
513 1961 535 2011 Β
560 1976 619 2027 sqq.
643 1959 709 2012 alie·
758 1969 837 2028 atque
859 1960 956 2014 mentis
982 1961 1164 2026 portentione,
1193 1973 1277 2026 quant

193 2039 300 2096 runtur,
327 2031 359 2082 ab
376 2027 440 2096 ipsis
464 2028 624 2081 advorsariis
642 2043 709 2096 pro·
758 2030 797 2082 illi
826 2047 841 2081 a
865 2031 917 2082 dec
946 2039 1067 2082 creatore
1097 2028 1276 2094 accepissent,

192 2101 280 2152 sectae
297 2096 367 2163 sint,
385 2095 489 2149 deliniri
502 2096 602 2164 nequit.
628 2097 708 2148 Haud
756 2100 870 2151 fuissent
892 2097 1018 2150 nascituri
1040 2099 1131 2164 (Hispo
1151 2099 1219 2150 Vror.
1238 2099 1277 2150 de

191 2184 260 2222 vero
281 2167 404 2220 absimile
426 2165 550 2232 videtur,
577 2165 708 2220 Abaelar·
757 2185 824 2222 sacr.
845 2170 865 2234 l,
883 2185 901 2234 p
927 2169 954 2222 6.
974 2183 999 2220 o.
1018 2167 1068 2234 26)
1090 2167 1275 2223 affirmandam

191 2239 256 2290 dum
273 2237 359 2304 ipsum
379 2251 428 2304 pro
446 2251 561 2302 summa,
580 2252 631 2303 qua
645 2233 708 2302 pol·
757 2253 817 2291 esse
835 2239 957 2294 duxerat.

191 2306 260 2369 luit,
287 2304 443 2358 dialecticae
462 2306 586 2357 facultate
607 2303 708 2372 aliquot
807 2305 858 2372 46)
883 2300 1029 2358 Licentiam
1051 2301 1275 2371 philosophorum

190 2375 303 2428 linxisse
320 2377 366 2429 vel
382 2390 463 2424 unam
481 2375 646 2442 eandemque
666 2373 708 2426 di·
757 2377 930 2444 profanorum
945 2372 1031 2434 allatis
1044 2373 1167 2426 adsidam
1184 2381 1274 2425 aenu-

190 2443 278 2498 uersis
293 2445 378 2495 modis
391 2445 587 2508 conformasse,
606 2450 707 2508 utpar-
757 2445 851 2497 endam
872 2441 964 2496 utendi
986 2442 1080 2508 partim
1103 2459 1152 2509 per
1171 2455 1274 2493 exem.

190 2513 238 2564 tim
256 2511 559 2580 pseudodialecticorum
577 2511 708 2562 subtilita-
756 2515 800 2580 pla
822 2521 926 2580 patrum
949 2510 1044 2580 purtim
1064 2525 1080 2562 e
1103 2509 1209 2562 consilii
1228 2509 1272 2562 sui

191 2590 245 2634 tem
269 2579 381 2647 pessime
400 2580 518 2632 sedulam
543 2580 706 2644 ostenderet,
755 2580 902 2634 rationibus
925 2580 976 2633 sibi
998 2579 1147 2634 vindicavit
1170 2580 1223 2647 (tlt.
1242 2587 1274 2634 et

190 2647 283 2718 partim
296 2663 349 2715 quo
358 2647 477 2714 pluribus
486 2648 706 2718 gravioribusque
754 2648 817 2703 intr.
832 2651 855 2702 ll
875 2651 907 2701 ab
925 2647 992 2716 im),
1012 2647 1206 2716 philosophiam
1221 2664 1273 2699 au-

190 2716 390 2770 dilficultatibus
412 2717 597 2768 controversia
618 2715 707 2784 impli-
753 2727 809 2771 tem
832 2719 900 2770 sicut
922 2734 1029 2771 onlnem
1050 2719 1160 2770 ornnlno
1178 2717 1273 2768 erudi-

190 2787 243 2840 cita
261 2794 345 2848 esset,
371 2800 405 2837 eo
425 2783 533 2837 felicior
550 2792 628 2852 atqua
646 2801 707 2837 cer-
753 2787 854 2840 tionem
871 2789 998 2859 theologo
1016 2794 1043 2840 et
1059 2785 1225 2838 utilissimam
1241 2796 1273 2841 et

189 2855 243 2914 tior
280 2854 385 2922 illarum
420 2853 518 2905 solutio
552 2854 704 2907 haberetur.
754 2873 859 2922 semper
882 2858 916 2909 ab
941 2854 1187 2924 intelligentissimis
1207 2855 1272 2922 qui-

190 2924 291 2978 Eodem
310 2921 484 2976 modoetiam
500 2922 706 2976 adversushae·
753 2927 856 2993 busque
879 2925 1040 2978 eonomine
1060 2925 1272 2977 commendatam

187 2994 287 3051 reticos
300 3010 330 3046 se
343 2991 438 3062 gessit3
457 2991 631 3059 plures'enirn
645 2991 705 3059 opi·
753 3011 812 3048 esse
833 2993 1034 3048 demonstravit.
1065 2992 1153 3059 (Absit
1169 2993 1223 3045 hoc
1238 3003 1274 3048 ut

188 3061 303 3127 niones,
320 3078 433 3130 quarmn
451 3060 514 3112 alibi
531 3061 633 3111 nullum
653 3077 705 3114 ve·
754 3063 891 3117 credamus
912 3065 1016 3128 Deum,
1038 3062 1083 3130 qni
1101 3061 1176 3114 malis
1196 3076 1273 3130 quo.

191 3131 297 3202 stigium
333 3138 437 3190 exstat,
476 3128 704 3200 argumentatione
753 3149 806 3201 que
823 3132 888 3200 ipsis
908 3133 977 3185 bene
1002 3131 1100 3198 utitur,
1123 3145 1179 3182 non
1199 3131 1273 3184 bene

190 3197 546 3262 consecutuseesevidetur.
565 3199 704 3266 Exempla,
752 3202 832 3255 etiam
862 3216 956 3254 omnes
989 3210 1075 3265 artes,
1110 3215 1177 3268 quae
1210 3200 1271 3253 eius

189 3267 501 3331 nilallor,duohabes
520 3267 642 3325 13151).
678 3269 704 3320 ls
753 3272 823 3322 dona
854 3279 933 3336 sunt,
963 3269 1103 3333 ordinare,
1139 3275 1169 3320 ut
1199 3269 1273 3321 haec

189 3337 279 3400 enirn,
300 3335 347 3402 qui
361 3337 438 3386 deum
456 3352 505 3403 per
522 3333 704 3387 exsistentiam
753 3355 860 3407 proque
881 3339 938 3391 eius
955 3337 1085 3407 ¹maiestati
1104 3335 1271 3390 deservienti

188 3407 339 3460 nullatenus
354 3405 454 3456 mundo
469 3403 585 3472 priorem
603 3405 704 3459 dixisse
754 3407 893 3462 125701).
912 3406 1134 3461 tasse-san.
1152 3405 1186 3457 tc
1198 3407 1275 3456 D-

184 3482 343 3539 acousstur,
367 3469 548 3526 verisimiliter
567 3473 703 3541 antiquum
751 3474 787 3528 44
804 3477 825 3527 Ε
844 3491 877 3520 =
898 3480 972 3530 1055.
997 3480 1030 3529 al.
1067 3477 1109 3528 cll.
1127 3475 1196 3541 Opp.
1215 3476 1275 3527 238

188 3541 253 3597 illud
278 3549 457 3595 commentum
489 3544 523 3594 de
549 3542 704 3595 aeternitate
752 3545 865 3604 -242).
896 3545 1020 3614 Denique
1033 3552 1171 3612 postquam
1190 3559 1270 3595 suam

188 3611 279 3665 mundi
293 3609 511 3676 resuscitaverat,
529 3613 597 3664 alter
607 3620 704 3674 etitem,
752 3614 786 3666 de
797 3614 934 3676 intellectu
945 3615 1103 3668 sententiam
1115 3613 1148 3664 ab
1162 3626 1272 3678 eornm,

188 3680 233 3748 qui
263 3696 386 3747 ‚·,corpus
405 3679 564 3732 dominicum
583 3677 702 3732 eiusdem
752 3682 798 3751 qui
821 3698 929 3748 „caeco
946 3685 1058 3750 quodam
1076 3680 1138 3733 fidei
1155 3681 1272 3734 terrore

187 3748 371 3832 grossitudinis
388 3747 416 3800 in
433 3757 511 3801 utero
531 3747 644 3818 virginis
658 3750 702 3799 fn·
748 3753 984 3817 ,commendando
1017 3748 1086 3804 suae'
1117 3748 1273 3816 imperitiae

187 3817 267 3879 asset·
292 3819 480 3882 contenderat,
507 3817 608 3882 „cuim
628 3826 656 3870 et
673 3817 702 3870 in
753 3821 895 3885 „solatium
917 3815 1115 3890 macerarent,“
1133 3821 1274 3880 obtrecta-
1378 3857 1379 3878 ,

187 3895 317 3957 prevecta
346 3894 434 3941 aetate
460 3885 601 3953 exstitit,“
630 3889 702 3940 ltand
751 3889 870 3942 tionibus
887 3898 969 3942 totam
987 3886 1160 3959 praestitisset
1177 3889 1280 3948 (1055‘
1378 3895 1379 3932 l

187 3954 268 4010 dubie
289 3954 472 4024 quaestionem
488 3953 560 4008 illam
576 3955 629 4008 iam
645 3965 702 4010 tum
746 3957 900 4042 '765)illo
912 3953 1273 4013 haereticornmindioe'ad-
