2798 4486
1092 235 1141 313 81

463 394 555 485 Quid
577 353 836 491 magnanimitas.

216 514 315 596 Ι(39.
327 505 389 595 V.)
405 493 661 601 Magnanimum
681 532 761 579 vero
782 527 841 596 est,
863 513 929 608 qua
950 524 1024 584 mm
1043 515 1142 588 ωῑῑο
1239 583 1241 588 Ι

134 618 267 690 nabilis
300 618 499 694 substantiae
535 642 635 690 causa
670 621 832 716 quaelibet
870 624 972 714 ardna
1007 623 1141 721 aggredi

150 755 263 803 sumus
289 731 404 826 parati.
462 730 654 802 'l'olerautia
680 749 789 803 autem
811 749 877 820 est,
906 758 970 832 qna
991 737 1026 808 in
1047 739 1142 835 bujns

150 843 311 938 propositi
331 842 464 936 incepto
487 858 674 914 constanter
697 870 952 939 perseveramus.

342 995 347 1006 ·
404 953 458 1024 De
480 953 623 1050 partibus
646 959 886 1052 temperantiae.

237 1057 491 1160 Temperantiae
520 1092 596 1136 vero
627 1079 783 1161 quantum
804 1069 882 1138 mibi
904 1069 1045 1152 videtur,
1079 1099 1143 1158 nec

149 1203 210 1248 vos
235 1173 417 1273 improbare
440 1176 591 1261 arbitror,
619 1195 726 1272 partes
756 1179 818 1250 bae
844 1197 935 1265 suut,
968 1183 1148 1271 humilitas

147 1287 332 1382 frugalitas,
354 1287 587 1372 mansuetudo,
610 1291 759 1374 castitas,
783 1291 970 1378 sobrietas,

500 1396 590 1488 Quid
621 1399 789 1474 humilitas.

236 1507 411 1580 Humilitas
440 1527 490 1581 est
511 1537 571 1606 per
593 1521 690 1606 quam
712 1513 754 1581 ab
777 1514 921 1609 appetitu
942 1514 1049 1588 inanis
1072 1517 1141 1611 glo·
1192 1563 1194 1568 ,
1249 1471 1254 1490 ·
1307 1554 1309 1564 ·

147 1621 215 1692 riae
237 1621 282 1692 ita
303 1645 366 1692 nos
388 1639 616 1718 temperamus,
637 1641 673 1693 ιιι
692 1649 760 1695 nou
774 1649 883 1720 supra,
906 1651 1142 1723 quamtum,

136 1733 250 1804 vvideri
272 1751 475 1830 appetamus.
644 1799 647 1804 ,

402 1888 406 1894 -
501 1843 593 1935 Quid
615 1844 791 1938 frugalitas.

236 1941 419 2052 Frugalitas
434 1981 511 2028 vero
532 1973 582 2027 ιιι
600 1957 781 2052 superfluae
796 1957 994 2050 profusionis
1012 1958 1145 2050 frenum¹

148 2094 209 2172 per
231 2093 328 2166 quarn
343 2067 493 2139 videlicut
513 2093 612 2163 supra
635 2093 731 2164 qnam
754 2069 973 2139 necessarium
995 2088 1045 2141 ιιι
1062 2099 1140 2200 pos-

149 2181 255 2279 sidere
273 2181 483 2275 respuimus.
480 2171 582 2249 sie
581 2195 614 2249 ιι
634 2179 850 2253 mansuetudo
867 2179 995 2251 frenum
1010 2200 1059 2254 est
1072 2185 1139 2256 irae
1228 2217 1238 2238 ι

92 2363 94 2370 s
149 2309 183 2363 ιι
206 2293 335 2362 castitas
358 2292 514 2375 luxuriae,
538 2307 570 2360 ιι
585 2291 749 2368 sobrietas
768 2291 873 2384 gulae.

151 2411 155 2416 “
237 2405 280 2473 Ει
291 2403 482 2487 notandum,
496 2403 584 2499 quod
600 2429 672 2472 cnm
682 2402 804 2496 justitia
816 2402 859 2472 sit
873 2419 1027 2504 constans
1040 2407 1139 2477 animi

148 2513 682 2610 voluntas,qnaeunicuique‚quod
696 2541 787 2598 snum
800 2530 849 2584 est
860 2532 974 2601 servat,
985 2517 1139 2588 fortitudo

150 2644 182 2698 et
199 2626 410 2722 temperantia
422 2627 585 2721 potentiae
600 2626 759 2720 quaedam
773 2643 848 2694 sunt
866 2643 962 2722 atque
977 2629 1075 2697 animi
1087 2655 1140 2700 ro·
1187 2636 1189 2642 ’

148 2739 220 2822 bur,
241 2764 316 2833 quo,
337 2753 374 2806 ut
389 2762 487 2832 supra
501 2735 714 2821 meminimus,
731 2737 819 2807 bona
835 2739 974 2830 justitiae
989 2740 1149 2811 voluntas.

150 2850 366 2919 confirmatur.
415 2846 566 2938 Quorum
597 2843 714 2918 etenim
744 2849 904 2918 contraria
929 2851 1139 2944 impotentiae

148 2965 242 3045 siant,
270 2985 309 3030 ea
333 2957 480 3055 profecto
510 2976 640 3030 constat
661 2985 734 3031 esse
763 2962 934 3054 potentias.
978 2953 1140 3030 [labilitas

147 3098 227 3142 vero
241 3071 347 3156 animi,
364 3071 446 3165 quae
459 3069 638 3142 fortitudini
651 3070 811 3162 contraria
823 3087 881 3156 est,
899 3071 1057 3165 quaedam
1069 3075 1138 3165 ejus

146 3183 315 3252 infirmitas
338 3199 371 3252 ιι
389 3181 580 3276 impotentia
604 3197 669 3265 est,
698 3207 795 3276 quam
816 3182 977 3274 ignaviam
999 3207 1059 3252 seu
1079 3208 1139 3277 pu·

148 3294 399 3382 sillanimitatem
428 3294 532 3362 dicere
554 3316 738 3387 possumus.
759 3369 762 3383 .
781 3292 1031 3387 Intemperantia
1058 3319 1138 3390 quo·

145 3400 225 3503 ¹quer,
244 3405 474 3503 temperantiae
491 3404 637 3488 adversa,
653 3403 813 3498 quaedam
827 3402 1025 3473 imbecillitas
1041 3405 1139 3473 animi

146 3534 186 3588 et
205 3517 394 3610 impotentia
417 3532 475 3600 est,
496 3515 759 3586 irrationabilium
780 3531 926 3586 motuum
941 3517 1010 3608 ejus
1023 3514 1139 3609 impul·

145 3629 239 3700 sibus
254 3628 405 3698 resistere
422 3653 490 3696 non
505 3625 652 3711 valentis,
674 3621 694 3694 a
709 3626 824 3722 quibus
839 3625 1140 3722 quasiquibusdam
1174 3638 1182 3658 ‘

146 3739 342 3811 satellitibus
361 3739 395 3808 iu
417 3738 569 3808 miseram
590 3737 738 3808 vitiorum
754 3738 970 3833 captivitatem
984 3736 1139 3824 mensim

144 3853 242 3920 firma
264 3851 399 3919 tr'abitnr
421 3865 454 3919 et
475 3857 612 3944 quorum
635 3848 794 3918 dominari
815 3847 927 3918 debuit
950 3846 1068 3917 ancilla
1094 3847 1138 3914 fit.
1219 3870 1222 3874 ·

91 3943 98 3950 ⁸
143 3961 243 4032 Sicut
258 3979 366 4032 antem
382 3961 506 4058 justitia
520 3960 668 4040 voluntas
685 3958 751 4044 illa,
773 3983 870 4054 quarn
886 3957 1032 4040 dixiiuns,
1052 3955 1139 4024 bona
1202 4043 1204 4048 Ι

921 4075 943 4142 6
