2806 4492
249 223 301 302 84

171 400 173 405 ’
251 391 318 464 lam
331 385 741 490 coucedeudpmamitror,
756 385 1251 484 frequenterquippe'geuerum,

252 499 446 601 permutatio
465 499 502 570 iu
522 499 896 595 adjectivis‘uomiuibus
917 523 1052 570 sensum
1073 501 1187 586 variat,
1210 502 1249 573 ει
1336 479 1347 530 s

173 609 179 623 ”
228 671 230 680 .
255 612 344 686 aliud
367 612 525 707 significet
544 633 687 707 poenam
710 635 784 682 esse
812 611 1010 708 ironam,'ct
1029 610 1119 681 aliud
1142 612 1250 685 dicere

91 779 95 786 ·
164 721 166 724 ⁵
255 750 398 822 poenam
418 747 491 794 esse
514 723 647 807 bouum,
668 721 703 792 id
725 738 776 794 εει
794 749 866 792 rem
884 716 1016 797 bonam.
1049 721 1142 798 Sicut
1163 724 1250 796 aliud

258 852 310 908 est
323 835 429 926 dicere
443 833 529 904 hauc
544 857 674 904 aeream
690 849 829 903 statuam
839 859 882 922 ,εε
884 861 919 904 se
938 849 1138 929 perpetuam,
1161 836 1251 938 quod
1276 886 1280 906 ι
1397 843 1398 856 ’

164 934 167 944 ’
257 946 375 1028 fulcuin
397 961 456 1030 est,
471 937 565 1012 aliud
587 969 660 1015 eam
683 970 756 1016 esse
773 945 1033 1041 perpetuum‚i.
1053 972 1082 1015 o.
1103 973 1172 1016 rem
1195 948 1251 1018 aii-
1276 1028 1280 1034 ¹
1397 933 1398 938 ἵ

147 1107 149 1115 s
247 1084 357 1156 squam
372 1069 454 1160 quae
469 1071 624 1151 perpetua
642 1055 691 1141 sit,
713 1057 802 1152 quod
817 1072 928 1126 verum
943 1071 1002 1139 est,
1015 1071 1128 1152 utpote
1144 1058 1252 1154 ipsum

160 1187 163 1202 ’
261 1193 317 1240 aes
345 1171 437 1262 cujus
465 1190 582 1261 perpes
613 1183 645 1248 ει
668 1167 858 1238 indeficiens
882 1182 932 1237 εει
957 1183 1083 1240 natura.
1127 1169 1254 1242 Sedet

262 1307 337 1350 cum
363 1277 469 1350 omnis
492 1279 674 1372 propositio
697 1280 913 1374 compositum
935 1279 1100 1375 quoddam
1122 1282 1164 1352 sit
1185 1309 1252 1354 non

262 1409 371 1487 tamen
385 1414 522 1479 omnem
534 1389 747 1483 compositam
765 1379 911 1475 dicimus,
933 1391 993 1459 sed
1015 1391 1102 1458 iliam
1118 1408 1254 1481 tanturn,
1280 1377 1281 1384 ἵ

228 1566 231 1573 s
264 1501 342 1594 (soi.
360 1509 418 1590 41.
440 1500 513 1589 R.)
533 1524 617 1595 quae
632 1502 901 1604 praepositiones
924 1503 959 1570 in
980 1501 1124 1595 partibus
1145 1503 1255 1588 habet,

264 1615 330 1684 hoc
353 1628 402 1682 est
423 1595 670 1706 hypotheticam,
689 1637 752 1681 nec
776 1637 906 1684 omnem
930 1613 1105 1683 dictionem
1121 1611 1261 1709 compo

193 1764 195 1768 ·
266 1726 361 1795 sitam
381 1716 537 1808 dicimus,
565 1748 662 1818 quarn
691 1749 764 1794 esse
789 1749 859 1793 rem
889 1713 1100 1818 compositam
1128 1725 1256 1811 scimus,

192 1832 194 1836 ’
266 1862 328 1906 uec
351 1860 491 1918 omnem,
512 1860 610 1929 quam
628 1833 808 1938 simplicem
822 1857 986 1919 vocamus,
1008 1859 1081 1905 esse
1095 1861 1173 1904 rem
1179 1835 1256 1904 sim·

266 1944 383 2043 plicem
413 1944 642 2042 concedemus.
664 2024 666 2028 ¹
684 1944 741 2016 Sic
767 1945 865 2039 igitur
881 1959 922 2015 es
943 1972 1016 2016 cum
1038 1967 1179 2042 poenam
1201 1945 1290 2016 ali-⁶

182 2060 186 2068 ”
263 2077 365 2153 Ιεεειε
390 2051 509 2151 justam
537 2071 595 2149 aut
620 2057 742 2126 bonam
771 2055 844 2127 esse
873 2056 1027 2142 dicimus,
1055 2083 1097 2128 eo
1126 2057 1258 2144 seilicet,
1327 2069 1329 2081 ⁴

268 2168 355 2266 quod
369 2170 497 2262 *justum
519 2168 562 2238 sit
579 2183 638 2238 aut
658 2151 797 2253 honum,
820 2195 895 2238 eum
914 2168 1030 2260 affligi,
1054 2167 1109 2262 qui
1127 2182 1258 2263 torque·

236 2281 238 2285 ’
268 2297 334 2365 tur,
360 2280 429 2348 nou
457 2294 567 2350 tamen
594 2279 669 2348 ideo
699 2303 772 2348 eam
798 2304 872 2350 esse
892 2303 962 2347 rem
982 2277 1102 2371 justam
1123 2293 1179 2346 aut
1197 2279 1259 2370 ¹ho·

239 2415 345 2473 'nam
372 2389 551 2463 concedere
579 2389 736 2482 cogimur.
761 2387 851 2461 ¹Vos
878 2413 1009 2483 quoque
1031 2413 1105 2456 cum
1127 2413 1260 2460 omnem
1370 2453 1373 2460 .

269 2496 449 2572 creaturam
470 2501 590 2573 bonum
612 2525 684 2570 esse
706 2499 846 2594 ponatis,
868 2524 908 2569 eo
923 2498 1079 2583 videlicet,
1102 2499 1192 2598 quod
1211 2503 1260 2581 εἰ,
1316 2513 1318 2518 “

268 2611 314 2681 hil
337 2637 375 2681 ex
397 2612 569 2682 creatione
582 2598 636 2682 dei
655 2634 724 2680 uon
744 2610 867 2679 bonum
889 2609 951 2709 sit,¹
963 2635 1025 2679 nec
1043 2610 1138 2694 etiam
1155 2610 1259 2682 homi-
1378 2661 1382 2672 .

172 2795 174 2800 Α
265 2744 344 2792 'nem
360 2739 538 2810 creaturum
552 2746 629 2792 csse
646 2721 772 2816 negetis
790 2737 822 2791 et
842 2747 902 2816 per
923 2721 986 2790 hoc
1000 2709 1093 2806 eum,
1115 2722 1171 2818 qui
1192 2748 1261 2793 ma·

268 2831 320 2904 lus
342 2848 409 2919 εει,
437 2855 509 2902 εεεε
531 2857 601 2901 rem
621 2832 743 2902 bonam
765 2831 932 2916 annuatis,
960 2857 1028 2903 uon
1053 2848 1161 2904 tamen
1182 2835 1259 2906 ideo

270 2969 345 3015 eum
373 2967 447 3015 esse
475 2941 641 3023 homoinem
668 2944 792 3014 bonum
808 2942 967 3040 recipitis.
1011 2941 1117 3014 Nemo
1140 2943 1259 3041 quippe

243 3055 435 3126 'bominum
458 3059 566 3144 [esse]
587 3053 694 3135 bonus
715 3055 874 3125 dicendus
898 3067 979 3144 cst32
993 3054 1058 3124 uisi
1086 3055 1142 3151 qui
1162 3056 1258 3149 bouis
1289 3113 1292 3121 .
1332 3062 1336 3074 “

265 3167 445 3236 adornatos
468 3179 518 3235 est
545 3151 700 3240 moribus.
743 3167 843 3238 Bona
872 3182 979 3235 autem
1007 3191 1059 3235 res
1083 3167 1149 3237 sive
1171 3166 1260 3236 bona

269 3289 415 3347 creatura
438 3275 501 3382 dici
522 3291 632 3371 potest
652 3277 759 3365 etiam,
779 3304 862 3374 quae
883 3265 1077 3350 irrationalis
1099 3295 1150 3349 est
1164 3294 1197 3348 et
1210 3278 1260 3349 in·
1334 3361 1335 3364 Ἴ

184 3445 185 3452 ,
267 3387 419 3476 animata.
462 3385 532 3456 Sed
559 3413 634 3457 cum
662 3390 773 3460 omnia
801 3390 881 3460 deus
912 3415 1040 3484 creasse
1061 3390 1150 3460 bona
1172 3391 1261 3460 dica·

95 3511 96 3517 ’
143 3543 144 3548 1
215 3571 217 3575 ,
268 3511 328 3581 tur,
350 3512 382 3568 et
402 3495 455 3579 hic
476 3496 628 3591 parvulus
644 3491 820 3571 dromonel
842 3526 946 3601 equus
969 3503 1011 3572 ab
1034 3528 1074 3572 eo
1090 3505 1156 3595 jam
1173 3520 1261 3586 crea-

267 3605 391 3690 tussit,
413 3607 558 3703 quamvis
580 3633 633 3678 res
654 3609 743 3680 bona
765 3611 891 3682 creatus
913 3613 965 3700 sit,
986 3638 1054 3684 non
1076 3629 1185 3684 tamen
1200 3613 1260 3683 bo·
1341 3667 1344 3673 Δ

253 3739 328 3816 1εεε
351 3717 450 3789 homo
465 3718 516 3789 vel
537 3719 645 3790 bouus
666 3745 770 3818 equus
790 3723 856 3815 jam
878 3740 1005 3795 creatus
1029 3741 1089 3809 εει,
1111 3748 1173 3793 nec
1187 3725 1258 3819 ipse

265 3824 348 3897 deus
369 3814 456 3898 hunc
478 3830 663 3926 parvulum,
685 3833 740 3928 qui
760 3856 931 3927 perversus
955 3851 1005 3904 εει
1032 3833 1176 3935 foturus,
1203 3849 1261 3905 aut
1338 3827 1340 3830 ⁵

264 3934 388 4008 bonum
415 3940 578 4024 hominem
601 3958 663 4030 aut
689 3943 811 4060 malum
840 3944 1002 4020 hominem
1032 3930 1165 4028 creavit,
1196 3943 1258 4014 sed
1351 3952 1355 3963 ¹
