2798 4486
242 393 460 494 oblationibus
489 389 617 461 amissis
639 388 790 460 mundari
811 414 911 485 posse
933 390 984 462 vel
1007 391 1243 464 domino'cou·

241 506 372 589 secrari,
395 503 578 574 sacerdotio
602 505 722 598 pariter
743 509 793 592 [et
815 503 954 597 tetnplo]
979 520 1010 573 et
1032 503 1155 600 templo
1177 507 1243 600 pri·

121 689 125 709 ,
240 636 349 722 vatos-3
387 633 421 686 ut
444 641 511 685 nec
538 632 686 684 terrenae
710 614 875 708 dignitatis
905 615 1057 690 solatium
1085 614 1243 704 babeatis,

241 733 485 826 qninunquam
514 727 692 797 adomino
715 727 779 796 uisi
804 742 931 797 terrena
961 729 1151 824 postulatis,
1179 758 1242 801 nec

240 843 305 912 nisi
319 847 352 910 in
368 840 503 920 terrenis
519 839 773 933 promissionem
788 841 1055 911 remunerationis
1074 859 1109 912 ut
1121 842 1242 914 dictum

240 971 290 1024 est
312 952 493 1047 accepistis.
855 945 858 952 ¹

327 1065 349 1132 J
358 1065 521 1133 udaeus.
566 1062 672 1132 Multa
696 1062 851 1132 continue
875 1063 1039 1157 objecisti,
1067 1091 1150 1160 quae
1173 1093 1242 1137 non

241 1195 290 1247 est
311 1176 406 1246 facile
432 1167 624 1259 recordari,
644 1191 679 1243 ut
707 1174 841 1268 singulis
871 1176 985 1244 ordine
1012 1179 1240 1272 respondeam.

239 1290 344 1358 Prout
366 1304 475 1356 tamen
499 1287 580 1356 haec
604 1287 682 1355 mihi
704 1287 903 1357 occurrerint
924 1289 1124 1382 respondere
1143 1316 1247 1360 cona-¹

240 1403 313 1471 bor.
372 1398 445 1467 Etsi
474 1398 729 1468 concederemus
756 1425 844 1468 nunc
875 1426 1006 1497 quoqne
1035 1428 1125 1470 more
1154 1401 1241 1496 prio·

237 1540 313 1582 *rum
337 1526 526 1580 sanctorum
550 1510 700 1580 homines
727 1509 848 1580 saluari
874 1537 974 1606 posse
1003 1511 1075 1582 sola
1104 1514 1257 1590 naturalix

240 1625 329 1718 lege,
359 1624 482 1718 absque
505 1621 656 1692 videlicet
678 1621 940 1718 circumcisione,
970 1641 1026 1693 aut
1055 1626 1169 1694 ceteris
1193 1626 1239 1694 le·

241 1737 291 1830 gis
315 1735 454 1829 scriptae
477 1733 658 1804 carnalibus
683 1734 911 1818 observantiis,
937 1761 1005 1805 non
1028 1752 1137 1806 tamen
1159 1737 1241 1807 baec

242 1845 404 1942 superllue
427 1848 580 1941 adjuncta
603 1870 676 1915 esse
700 1847 948 1944 concedendum
973 1864 1038 1932 est,
1061 1849 1120 1918 sed
1141 1849 1240 1944 pluri·

239 1985 329 2029 mum
357 1959 502 2028 utilitatis
531 1957 652 2027 babere
683 1958 726 2026 ad
761 1958 1022 2054 amplificandam
1057 1960 1108 2030 vel
1143 1961 1241 2034 tutius

239 2070 450 2141 muniendam
474 2069 682 2162 religionem,
711 2071 812 2140 etad
842 2070 995 2139 malitiam
1025 2072 1163 2166 amplius
1184 2062 1241 2146 're-

240 2183 454 2279 primendam.
514 2180 613 2250 Unde
649 2197 681 2250 et
719 2209 756 2251 ex
792 2182 842 2251 his
880 2207 961 2278 quae
990 2181 1061 2277 ipse
1089 2184 1243 2257 induxisti

240 2294 416 2365 nonnullas
446 2294 560 2387 accipe
588 2292 743 2362 rationes.
789 2292 959 2382 Quamdiu
981 2295 1095 2365 fideles
1117 2300 1256 2392 passim'

240 2405 423 2476 infidelibus
446 2403 594 2497 permixti
615 2403 777 2488 vixerunt,
804 2431 866 2474 nec
890 2406 997 2475 adbuc
1018 2406 1170 2478 dominus
1195 2409 1242 2480 eis

241 2535 360 2588 terram
390 2531 599 2585 concesserat
625 2517 809 2610 propriam,
838 2517 927 2588 nulla
956 2518 1037 2613 legis
1067 2522 1243 2592 observan-

242 2630 285 2698 tia
307 2627 436 2698 luerunt
458 2627 500 2695 ab
524 2627 570 2696 eis
594 2627 686 2697 divisi
709 2655 784 2698 com
807 2631 923 2726 quibus
945 2631 1050 2702 vivere
1079 2627 1242 2726 cogeban-

235 2758 308 2838 tur,
337 2766 378 2808 ne
395 2737 556 2808 'videlicet
580 2739 653 2833 ipsa
675 2740 758 2810 vitae
783 2740 1007 2812 dissimilitudo
1031 2761 1159 2837 pareret
1180 2746 1241 2814 ini·

240 2852 388 2922 micitias.
426 2849 613 2945 Postquam·
632 2877 708 2920 vero
732 2839 884 2923 dominus
905 2855 1072 2924 Abrabam
1095 2855 1135 2925 dc
1158 2872 1242 2928 terra

242 2980 274 3034 ct
296 2945 492 3056 cognatione
516 2988 576 3031 sna
599 2962 716 3048 eduxit,
738 2980 774 3033 ut
797 2965 827 3035 ei
851 2983 883 3036 et
905 2966 1021 3036 semini
1040 2970 1108 3060 ejus
1122 2983 1240 3036 terram

240 3077 282 3145 in¹
297 3071 513 3144 hereditatem
535 3075 625 3143 daret
647 3101 707 3169 per
734 3100 833 3170 quam
862 3104 881 3148 a
910 3079 1060 3172 gentibus
1090 3103 1241 3172 segrega-

241 3203 367 3270 rentur,
397 3173 620 3280 corporalibus
651 3214 782 3283 quoque
806 3188 886 3283 legis
914 3191 1066 3286 operibus
1097 3217 1154 3261 eos
1183 3218 1240 3286 pe-

241 3299 329 3366 nitus
353 3323 503 3392 separare
528 3299 684 3383 decrevit,
713 3317 749 3368 ut
770 3301 969 3372 tantominus
992 3302 1105 3373 fideles
1128 3305 1169 3373 ab
1191 3305 1240 3373 in·

187 3421 188 3428 ’
240 3409 390 3479 fidelibus
418 3409 581 3503 corrumpi
608 3427 745 3505 possent
774 3417 825 3502 (9.
839 3413 920 3505 V.),
950 3431 1073 3510 quanto
1101 3415 1238 3511 amplius

241 3521 283 3589 ab
311 3519 390 3612 ipsis
419 3533 485 3590 tam
514 3519 588 3589 loco
619 3539 717 3616 quam
747 3525 935 3618 corporibus
971 3527 1239 3620 disjungerentur.

241 3629 339 3699 Unde
355 3631 509 3700 Abrabae
527 3647 559 3700 et
577 3634 694 3703 semini
718 3639 786 3728 ejus
809 3637 896 3706 facta
919 3637 1014 3731 hujus
1038 3656 1141 3709 terrae
1165 3637 1241 3734 pro·

240 3741 396 3810 missione
425 3742 458 3810 in
489 3768 554 3836 qua
583 3745 644 3813 sibi
674 3747 824 3816 dominus
856 3749 1016 3843 populum
1051 3768 1242 3844 aggregaret

190 3899 192 3902 -
242 3869 276 3922 et
296 3853 330 3924 in
355 3878 420 3949 qua
443 3854 600 3926 civitatem
622 3858 788 3953 propriam
811 3858 872 3929 sibi
890 3862 1111 3945 constitueret,
1133 3861 1240 3954 legem

194 3967 196 3971 ’
243 3964 350 4033 statim
376 3966 462 4060 cepit
482 3966 649 4039 instituere
672 3953 852 4043 secundum
876 3997 975 4068 quam
996 3973 1041 4043 ibi
1063 3990 1174 4045 essent
1197 3973 1239 4072 vi·

1385 295 1394 387 ¹l
