2740 4486
240 440 409 525 praecepit
430 437 568 504 et⁴dixit
590 437 671 501 mihi
694 449 823 503 creator
852 443 996 505 omnium
1018 445 1129 533 etqui
1152 464 1239 516 crea-

239 557 288 618 rit
317 575 371 618 me
397 545 561 634 requievit
586 553 621 616 in
652 549 866 616 tabernaculo
889 573 963 617 meo
986 565 1021 618 ct
1041 555 1126 620 dixit
1147 554 1239 636 milri,

238 668 274 731 in
287 666 390 732 Jacob
411 665 561 730 inhabita
584 675 618 728 et
639 667 673 729 in
685 663 793 730 lrael
813 649 1025 731 haereditare
1049 678 1085 730 et
1105 670 1140 732 in
1155 669 1240 733 elec·

159 756 166 764 ⁸
218 784 280 847 'tis
303 782 386 846 meis
407 801 452 844 m.
475 801 503 843 r.
546 779 586 842 lu
616 779 731 842 eodem
761 799 889 862 quoqne
922 777 1008 844 libro
1032 783 1239 864 apertissime

236 894 465 960 remissionem
487 903 696 974 peccatorum
729 893 911 956 consistere
939 896 1168 960 incarnatione
1191 897 1239 960 di-

235 1012 335 1074 viuae
345 1009 539 1092 sapientiae,
555 1004 799 1090 quaeChristns'
814 1018 877 1085 est,
890 1007 1095 1094 propheta[t]
1111 1009 1239 1074 dicens:

235 1099 346 1186 David
368 1133 505 1204 peccata
525 1141 584 1203 per
603 1117 769 1184 Christum
788 1131 927 1206 purgata
950 1141 1037 1186 esse.
1080 1121 1132 1185 lhi
1153 1123 1240 1186 enim

236 1255 308 1298 cum
330 1235 372 1299 de
393 1234 492 1299 lende
515 1232 626 1296 David
650 1229 745 1314 plura
768 1232 967 1312 dicerentur,
991 1255 1117 1298 summa
1138 1237 1241 1299 totius

235 1346 344 1413 landis
365 1351 401 1412 in
420 1347 485 1414 hoe
505 1370 570 1412 uno
595 1347 737 1412 collecta
760 1359 822 1427 est,
846 1349 932 1432 quod
955 1348 1120 1415 subditur:
1145 1349 1240 1415 Chri·

234 1477 307 1527 stus
327 1465 481 1550 purgavit
503 1476 640 1545 peccata
661 1463 766 1543 ipsius
789 1473 824 1524 et
843 1463 1004 1527 exaltavit
1021 1467 1055 1527 in
1070 1475 1239 1530 aeternum

222 1552 336 1642 ¹cornu
356 1578 460 1660 ipsius
483 1587 517 1638 et
539 1576 630 1638 dedit
657 1573 709 1637 illi
744 1585 975 1639 testamentum
995 1559 1109 1662 regum
1131 1589 1165 1640 ct
1186 1597 1241 1670 re·

167 1769 169 1780 .
233 1691 307 1756 dem
328 1689 456 1778 gloriae
478 1690 513 1751 in
537 1685 653 1751 lsrael.
699 1685 851 1752 Micheas
883 1709 1011 1771 quoqne
1034 1691 1074 1754 de
1097 1689 1158 1754 hac
1181 1711 1239 1752 ae·

232 1815 327 1870 terna
349 1806 564 1890 generatione
594 1799 686 1866 verbi
711 1785 760 1866 :ei
787 1813 882 1883 patre
914 1803 1010 1867 simul
1034 1815 1067 1866 et
1090 1804 1130 1867 de
1154 1816 1237 1870 tem·

230 1917 339 2000 parali
364 1937 406 1982 ex
428 1927 533 1980 arratre
557 1917 619 1979 ait:
642 1915 685 1978 Et
707 1927 742 1978 tu
761 1913 959 1980 Bethlehem
971 1917 1099 1983 Effrata
1113 1938 1239 2002 nequa-

232 2051 329 2114 quam
349 2051 452 2112 parva
474 2049 510 2092 es
539 2029 573 2090 in
603 2027 750 2092 millibus
771 2028 873 2104 Juda3
909 2051 952 2093 ex
975 2041 1009 2092 te
1031 2017 1127 2096 enim
1142 2051 1239 2118 egre·

230 2145 340 2210 dictur
359 2143 459 2222 mihi,
484 2145 538 2227 qui
560 2146 603 2207 sit
625 2145 812 2208 dominator
832 2148 866 2209 in
889 2143 1008 2224 isreel,
1032 2157 1065 2207 et
1079 2161 1238 2228 egressus

231 2259 305 2342 ejus
328 2257 368 2322 ah
388 2259 484 2321 initio
508 2279 527 2321 a
549 2257 665 2322 diebus
688 2259 844 2322 aeternis.
889 2256 1013 2322 Dicant
1034 2256 1182 2344 rebelles
1202 2268 1242 2320 et

231 2369 539 2448 increduliJudaei,
562 2371 603 2433 de
626 2393 689 2453 quo
713 2372 881 2435 nascituro
901 2373 938 2436 in
949 2368 1148 2436 Bethlehem
1171 2371 1239 2436 hoc
1264 2458 1267 2466 ι

231 2485 350 2548 dictum
375 2486 430 2561 sit,
455 2484 541 2565 qrrod
563 2484 720 2547 videlieet
742 2504 896 2569 egressus
920 2487 993 2568 ejas
1016 2482 1057 2547 nb
1079 2485 1177 2549 initio
1191 2485 1242 2550 sit

230 2595 388 2662 a'die'bns
418 2599 639 2660 aeternitatis.
683 2596 864 2662 Aeternum
893 2600 1011 2680 qnippe
1042 2607 1111 2675 est,
1146 2595 1239 2680 qued

230 2710 359 2794 origine
393 2723 495 2772 caret.
541 2706 638 2783 Quod
672 2711 701 2772 si
733 2709 796 2774 hoc
825 2711 972 2774 referant
993 2710 1035 2774 ad
1058 2709 1243 2789 Messinm,¹

229 2821 325 2887 illum
345 2820 476 2887 scilicet
497 2824 674 2888 resaximum
695 2822 907 2906 prophetam,
936 2835 973 2888 ut
994 2827 1106 2908 ajunt,
1135 2843 1239 2906 quem

229 2946 442 3020 exspectant,
473 2937 529 3018 qui
562 2948 687 3000 tantum
717 2939 896 3002 seeundum
928 2959 986 3002 eos
1008 2959 1107 3019 purus
1132 2934 1241 2999 homo

228 3054 303 3128 crit,
331 3071 397 3112 non
420 3051 521 3112 ctiam
542 3049 646 3127 Deus,
672 3051 860 3128 ostendant,
883 3051 955 3134 quis
979 3070 1133 3137 egressus
1156 3049 1242 3132 ejus

227 3175 382 3228 aeternos
416 3165 460 3225 sit
490 3161 544 3228 vel
572 3161 658 3257 unde
688 3161 903 3228 aeternaliter
943 3163 1142 3248 egrediatur.
1196 3159 1243 3224 Si

227 3287 337 3342 autem
361 3275 473 3340 dicant
495 3297 569 3340 eam
592 3275 809 3341 aeternaliter
832 3277 944 3364 egredi
967 3297 1011 3340 ex
1032 3273 1244 3342 Bethlehem

226 3409 280 3468 eo,
304 3389 393 3472 qaod
415 3390 490 3472 ejus
511 3390 668 3454 nativitas
689 3392 724 3454 iu
746 3411 787 3453 eo
806 3390 885 3455 loeo
905 3389 1016 3453 futura
1037 3388 1081 3452 ab
1094 3401 1244 3453 aeterno

224 3501 359 3584 provisa
381 3503 431 3563 sit
447 3500 557 3566 aDeo
578 3502 893 3586 etpraedestiuate,
913 3501 979 3568 hoc
997 3502 1101 3568 modo
1119 3501 1244 3584 cuju-

223 3611 307 3677 lihet
328 3612 474 3680 hominis
493 3615 549 3680 vel
573 3615 753 3702 cujuslibet
773 3618 823 3680 rei
845 3604 1003 3680 nativitas
1017 3626 1247 3694 estaetema,

224 3725 304 3808 quia
333 3723 377 3788 ah
408 3725 545 3792 aeterno
574 3731 719 3810 provisa.
765 3728 890 3794 Dicent
917 3731 1033 3812 itaque
1059 3740 1248 3792 aeternam

211 3903 214 3916 ,
223 3835 473 3926 generationem
488 3861 575 3923 este,
592 3859 687 3928 quarn
699 3857 735 3910 et
747 3849 900 3930 scriptam
910 3844 1025 3932 legent
1037 3841 1248 3929 etlegendc

221 3952 438 4036 profiteantur
474 3968 510 4021 et
541 3957 739 4040 ‘profitentes
773 3979 839 4024 non
875 3955 1022 4024 credunt.
1077 3953 1250 4036 Respon-
