<?xml version="1.0" encoding="UTF-8"?>
<!DOCTYPE html PUBLIC "-//W3C//DTD XHTML 1.0 Transitional//EN"
    "http://www.w3.org/TR/xhtml1/DTD/xhtml1-transitional.dtd">
<html xmlns="http://www.w3.org/1999/xhtml" xml:lang="en" lang="en">
 <head>
  <title>
</title>
<meta http-equiv="Content-Type" content="text/html;charset=utf-8" />
  <meta name='ocr-system' content='tesseract 3.04.00' />
  <meta name='ocr-capabilities' content='ocr_page ocr_carea ocr_par ocr_line ocrx_word'/>
</head>
<body>
  <div class='ocr_page' id='page_1' title='image "./dialogusinterph00abelgoog_0377.png"; bbox 0 0 2774 4486; ppageno 0'>
   <div class='ocr_carea' id='block_1_1' title="bbox 472 160 828 242">
    <p class='ocr_par' dir='ltr' id='par_1_1' title="bbox 472 160 828 242">
     <span class='ocr_line' id='line_1_1' title="bbox 472 160 828 242; baseline -0.006 -24"><span class='ocrx_word' id='word_1_1' title='bbox 472 200 544 218; x_wconf 77' lang='grc'>...-</span> <span class='ocrx_word' id='word_1_2' title='bbox 608 160 702 242; x_wconf 64' lang='lat' dir='ltr'><strong>ffite</strong></span> <span class='ocrx_word' id='word_1_3' title='bbox 733 203 828 223; x_wconf 36' lang='grc' dir='ltr'><strong>...μ</strong></span> 
     </span>
    </p>
   </div>
   <div class='ocr_carea' id='block_1_2' title="bbox 9 334 1270 3997">
    <p class='ocr_par' dir='ltr' id='par_1_2' title="bbox 9 334 1270 3997">
     <span class='ocr_line' id='line_1_2' title="bbox 88 334 1212 428; baseline 0.004 -22"><span class='ocrx_word' id='word_1_4' title='bbox 88 337 273 418; x_wconf 70' lang='lat' dir='ltr'><strong>curandus</strong></span> <span class='ocrx_word' id='word_1_5' title='bbox 288 335 416 410; x_wconf 74' lang='lat' dir='ltr'><strong>rideri.</strong></span> <span class='ocrx_word' id='word_1_6' title='bbox 438 334 677 428; x_wconf 56' lang='lat' dir='ltr'><strong>,Quamvisfet</strong></span> <span class='ocrx_word' id='word_1_7' title='bbox 694 335 777 423; x_wconf 70' lang='lat' dir='ltr'><strong>”ipse</strong></span> <span class='ocrx_word' id='word_1_8' title='bbox 795 335 1212 423; x_wconf 49' lang='lat' dir='ltr'><strong>pertranseundum</strong></span> 
     </span>
     <span class='ocr_line' id='line_1_3' title="bbox 89 437 1212 530; baseline -0.001 -22"><span class='ocrx_word' id='word_1_9' title='bbox 89 465 159 524; x_wconf 77' lang='lat' dir='ltr'><strong>nnn</strong></span> <span class='ocrx_word' id='word_1_10' title='bbox 173 441 274 528; x_wconf 89' lang='lat' dir='ltr'><strong>piane</strong></span> <span class='ocrx_word' id='word_1_11' title='bbox 288 438 522 524; x_wconf 80' lang='lat' dir='ltr'><strong>negligendum</strong></span> <span class='ocrx_word' id='word_1_12' title='bbox 537 457 604 504; x_wconf 84' lang='lat' dir='ltr'><strong>esse</strong></span> <span class='ocrx_word' id='word_1_13' title='bbox 615 449 749 526; x_wconf 87' lang='lat' dir='ltr'><strong>putem,</strong></span> <span class='ocrx_word' id='word_1_14' title='bbox 772 462 815 504; x_wconf 87' lang='lat' dir='ltr'><strong>ne</strong></span> <span class='ocrx_word' id='word_1_15' title='bbox 828 437 1026 527; x_wconf 85' lang='lat' dir='ltr'>opinionum</span> <span class='ocrx_word' id='word_1_16' title='bbox 1041 463 1184 530; x_wconf 81' lang='lat' dir='ltr'><strong>consue-</strong></span> <span class='ocrx_word' id='word_1_17' title='bbox 1198 500 1212 528; x_wconf 32' lang='lat' dir='ltr'><strong>U.</strong></span> 
     </span>
     <span class='ocr_line' id='line_1_4' title="bbox 89 539 1184 630; baseline 0.004 -24"><span class='ocrx_word' id='word_1_18' title='bbox 89 544 326 626; x_wconf 83' lang='lat' dir='ltr'><strong>tud-inumque,</strong></span> <span class='ocrx_word' id='word_1_19' title='bbox 358 563 441 628; x_wconf 85' lang='lat' dir='ltr'><strong>quae</strong></span> <span class='ocrx_word' id='word_1_20' title='bbox 464 553 535 608; x_wconf 85' lang='lat' dir='ltr'><strong>tum</strong></span> <span class='ocrx_word' id='word_1_21' title='bbox 564 539 652 606; x_wconf 89' lang='lat' dir='ltr'><strong>inter</strong></span> <span class='ocrx_word' id='word_1_22' title='bbox 674 563 790 606; x_wconf 88' lang='lat' dir='ltr'><strong>omncs</strong></span> <span class='ocrx_word' id='word_1_23' title='bbox 817 542 1063 630; x_wconf 80' lang='lat' dir='ltr'><strong>obtinuerunt,</strong></span> <span class='ocrx_word' id='word_1_24' title='bbox 1079 545 1212 632; x_wconf 90' lang='lat' dir='ltr'><strong>-nullQ</strong></span> 
     </span>
     <span class='ocr_line' id='line_1_5' title="bbox 87 643 1213 738; baseline 0.006 -26"><span class='ocrx_word' id='word_1_25' title='bbox 87 667 228 734; x_wconf 88' lang='lat' dir='ltr'><strong>prorsus</strong></span> <span class='ocrx_word' id='word_1_26' title='bbox 242 644 358 708; x_wconf 86' lang='lat' dir='ltr'><strong>habito</strong></span> <span class='ocrx_word' id='word_1_27' title='bbox 376 654 536 730; x_wconf 86' lang='lat' dir='ltr'><strong>respectu,</strong></span> <span class='ocrx_word' id='word_1_28' title='bbox 559 643 701 712; x_wconf 84' lang='lat' dir='ltr'><strong>nimium</strong></span> <span class='ocrx_word' id='word_1_29' title='bbox 724 643 837 710; x_wconf 90' lang='lat' dir='ltr'><strong>abillo</strong></span> <span class='ocrx_word' id='word_1_30' title='bbox 858 655 1067 731; x_wconf 82' lang='lat' dir='ltr'><strong>exspectetur</strong></span> <span class='ocrx_word' id='word_1_31' title='bbox 1084 657 1181 732; x_wconf 78' lang='lat' dir='ltr'><strong>atque</strong></span> <span class='ocrx_word' id='word_1_32' title='bbox 1193 685 1195 693; x_wconf 58' lang='lat'><strong><em>¹</em></strong></span> <span class='ocrx_word' id='word_1_33' title='bbox 1206 671 1213 738; x_wconf 72' lang='lat' dir='ltr'><strong>:j</strong></span> 
     </span>
     <span class='ocr_line' id='line_1_6' title="bbox 88 744 1212 833; baseline 0.002 -20"><span class='ocrx_word' id='word_1_34' title='bbox 88 747 260 832; x_wconf 74' lang='lat' dir='ltr'><strong>exigatur,</strong></span> <span class='ocrx_word' id='word_1_35' title='bbox 295 747 349 810; x_wconf 84' lang='lat' dir='ltr'><strong>Ac</strong></span> <span class='ocrx_word' id='word_1_36' title='bbox 363 744 407 810; x_wconf 91' lang='lat' dir='ltr'><strong>ita</strong></span> <span class='ocrx_word' id='word_1_37' title='bbox 424 745 592 812; x_wconf 88' lang='lat' dir='ltr'><strong>iudicandi</strong></span> <span class='ocrx_word' id='word_1_38' title='bbox 607 747 722 832; x_wconf 85' lang='lat' dir='ltr'><strong>regula</strong></span> <span class='ocrx_word' id='word_1_39' title='bbox 737 744 1007 833; x_wconf 69' lang='lat' dir='ltr'><strong>constitutuipsa</strong></span> <span class='ocrx_word' id='word_1_40' title='bbox 1019 744 1212 815; x_wconf 72' lang='lat' dir='ltr'><strong>sententie-t</strong></span> 
     </span>
     <span class='ocr_line' id='line_1_7' title="bbox 87 838 1213 936; baseline 0 -22"><span class='ocrx_word' id='word_1_41' title='bbox 87 849 235 936; x_wconf 88' lang='lat' dir='ltr'><strong>ipsisque</strong></span> <span class='ocrx_word' id='word_1_42' title='bbox 258 847 389 935; x_wconf 87' lang='lat' dir='ltr'><strong>scriptis</strong></span> <span class='ocrx_word' id='word_1_43' title='bbox 411 847 487 912; x_wconf 90' lang='lat' dir='ltr'><strong>satis</strong></span> <span class='ocrx_word' id='word_1_44' title='bbox 509 848 745 914; x_wconf 87' lang='lat' dir='ltr'><strong>commendari.</strong></span> <span class='ocrx_word' id='word_1_45' title='bbox 762 848 904 912; x_wconf 86' lang='lat' dir='ltr'><strong>videtur.</strong></span> <span class='ocrx_word' id='word_1_46' title='bbox 948 838 1029 916; x_wconf 83' lang='lat' dir='ltr'><strong>Hoc&#39;</strong></span> <span class='ocrx_word' id='word_1_47' title='bbox 1044 849 1182 935; x_wconf 84' lang='lat' dir='ltr'><strong>quidem</strong></span> <span class='ocrx_word' id='word_1_48' title='bbox 1206 889 1213 914; x_wconf 84' lang='lat' dir='ltr'><strong>t</strong></span> 
     </span>
     <span class='ocr_line' id='line_1_8' title="bbox 85 947 1212 1038; baseline -0.003 -23"><span class='ocrx_word' id='word_1_49' title='bbox 85 949 224 1018; x_wconf 87' lang='lat' dir='ltr'><strong>concedi</strong></span> <span class='ocrx_word' id='word_1_50' title='bbox 240 960 383 1037; x_wconf 90' lang='lat' dir='ltr'><strong>oportet,</strong></span> <span class='ocrx_word' id='word_1_51' title='bbox 404 949 480 1027; x_wconf 86' lang='lat' dir='ltr'><strong>illis,</strong></span> <span class='ocrx_word' id='word_1_52' title='bbox 496 948 554 1034; x_wconf 87' lang='lat' dir='ltr'><strong>qui</strong></span> <span class='ocrx_word' id='word_1_53' title='bbox 568 947 1061 1038; x_wconf 77' lang='lat' dir='ltr'><strong>reformationispraecursores</strong></span> <span class='ocrx_word' id='word_1_54' title='bbox 1072 949 1182 1018; x_wconf 71' lang='lat' dir='ltr'><strong>saleru</strong></span> <span class='ocrx_word' id='word_1_55' title='bbox 1195 986 1212 1024; x_wconf 16' lang='lat' dir='ltr'><strong>v,</strong></span> 
     </span>
     <span class='ocr_line' id='line_1_9' title="bbox 87 1050 1181 1141; baseline 0 -23"><span class='ocrx_word' id='word_1_56' title='bbox 87 1051 294 1141; x_wconf 81' lang='lat' dir='ltr'><strong>nuncupari,</strong></span> <span class='ocrx_word' id='word_1_57' title='bbox 314 1072 398 1116; x_wconf 72' lang='lat' dir='ltr'><strong>teum</strong></span> <span class='ocrx_word' id='word_1_58' title='bbox 416 1073 486 1118; x_wconf 83' lang='lat' dir='ltr'><strong>esse</strong></span> <span class='ocrx_word' id='word_1_59' title='bbox 506 1073 574 1116; x_wconf 90' lang='lat' dir='ltr'><strong>non</strong></span> <span class='ocrx_word' id='word_1_60' title='bbox 594 1051 881 1120; x_wconf 84' lang='lat' dir='ltr'><strong>adnumerandum</strong></span> <span class='ocrx_word' id='word_1_61' title='bbox 899 1050 1007 1139; x_wconf 66' lang='lat' dir='ltr'><strong>(Biyt.</strong></span> <span class='ocrx_word' id='word_1_62' title='bbox 1021 1063 1084 1120; x_wconf 84' lang='lat' dir='ltr'><strong>art.</strong></span> <span class='ocrx_word' id='word_1_63' title='bbox 1099 1053 1181 1124; x_wconf 81' lang='lat' dir='ltr'><strong>Ber.</strong></span> 
     </span>
     <span class='ocr_line' id='line_1_10' title="bbox 86 1152 1212 1242; baseline -0.002 -22"><span class='ocrx_word' id='word_1_64' title='bbox 86 1154 245 1242; x_wconf 83' lang='lat' dir='ltr'><strong>rem.K)=</strong></span> <span class='ocrx_word' id='word_1_65' title='bbox 274 1152 309 1218; x_wconf 91' lang='lat' dir='ltr'><strong>id</strong></span> <span class='ocrx_word' id='word_1_66' title='bbox 332 1153 441 1228; x_wconf 88' lang='lat' dir='ltr'><strong>enim,</strong></span> <span class='ocrx_word' id='word_1_67' title='bbox 469 1174 536 1238; x_wconf 90' lang='lat' dir='ltr'><strong>quo</strong></span> <span class='ocrx_word' id='word_1_68' title='bbox 557 1153 763 1239; x_wconf 87' lang='lat' dir='ltr'><strong>potissimum</strong></span> <span class='ocrx_word' id='word_1_69' title='bbox 783 1153 841 1240; x_wconf 78' lang='lat' dir='ltr'><strong>illa</strong></span> <span class='ocrx_word' id='word_1_70' title='bbox 862 1154 933 1221; x_wconf 85' lang='lat' dir='ltr'><strong>laus</strong></span> <span class='ocrx_word' id='word_1_71' title='bbox 952 1167 1184 1242; x_wconf 83' lang='lat' dir='ltr'><strong>comparatur„</strong></span> <span class='ocrx_word' id='word_1_72' title='bbox 1207 1201 1212 1218; x_wconf 65' lang='lat'><strong>,.</strong></span> 
     </span>
     <span class='ocr_line' id='line_1_11' title="bbox 87 1254 1210 1346; baseline 0.002 -24"><span class='ocrx_word' id='word_1_73' title='bbox 87 1279 157 1322; x_wconf 89' lang='lat' dir='ltr'><strong>non</strong></span> <span class='ocrx_word' id='word_1_74' title='bbox 170 1254 349 1346; x_wconf 83' lang='lat' dir='ltr'>perspexit,</span> <span class='ocrx_word' id='word_1_75' title='bbox 372 1277 506 1324; x_wconf 86' lang='lat' dir='ltr'><strong>omnem</strong></span> <span class='ocrx_word' id='word_1_76' title='bbox 523 1254 661 1320; x_wconf 88' lang='lat' dir='ltr'><strong>omnino</strong></span> <span class='ocrx_word' id='word_1_77' title='bbox 675 1256 829 1322; x_wconf 87' lang='lat' dir='ltr'><strong>ecelesiae</strong></span> <span class='ocrx_word' id='word_1_78' title='bbox 843 1256 1067 1322; x_wconf 86' lang='lat' dir='ltr'><strong>conditionem</strong></span> <span class='ocrx_word' id='word_1_79' title='bbox 1076 1257 1210 1329; x_wconf 61' lang='lat' dir='ltr'><strong>ndei-t,</strong></span> 
     </span>
     <span class='ocr_line' id='line_1_12' title="bbox 89 1357 1211 1446; baseline 0.004 -24"><span class='ocrx_word' id='word_1_80' title='bbox 89 1379 155 1444; x_wconf 87' lang='lat' dir='ltr'><strong>que</strong></span> <span class='ocrx_word' id='word_1_81' title='bbox 178 1359 341 1426; x_wconf 83' lang='lat' dir='ltr'><strong>rationem</strong></span> <span class='ocrx_word' id='word_1_82' title='bbox 359 1370 432 1426; x_wconf 85' lang='lat' dir='ltr'><strong>tum</strong></span> <span class='ocrx_word' id='word_1_83' title='bbox 455 1359 614 1445; x_wconf 83' lang='lat' dir='ltr'><strong>temporis</strong></span> <span class='ocrx_word' id='word_1_84' title='bbox 632 1377 653 1422; x_wconf 90' lang='lat' dir='ltr'><strong>a</strong></span> <span class='ocrx_word' id='word_1_85' title='bbox 674 1357 858 1446; x_wconf 70' lang='lat' dir='ltr'><strong>scriptume</strong></span> <span class='ocrx_word' id='word_1_86' title='bbox 879 1359 1064 1446; x_wconf 72' lang='lat' dir='ltr'><strong>praeceptis</strong></span> <span class='ocrx_word' id='word_1_87' title='bbox 1078 1371 1211 1444; x_wconf 77' lang='lat' dir='ltr'><strong>atque.-</strong></span> 
     </span>
     <span class='ocr_line' id='line_1_13' title="bbox 88 1459 1211 1548; baseline -0.001 -23"><span class='ocrx_word' id='word_1_88' title='bbox 88 1461 244 1548; x_wconf 81' lang='lat' dir='ltr'><strong>exemplo</strong></span> <span class='ocrx_word' id='word_1_89' title='bbox 273 1461 462 1548; x_wconf 86' lang='lat' dir='ltr'><strong>primaevae</strong></span> <span class='ocrx_word' id='word_1_90' title='bbox 492 1459 646 1526; x_wconf 85' lang='lat' dir='ltr'><strong>ecclesiae</strong></span> <span class='ocrx_word' id='word_1_91' title='bbox 677 1459 861 1546; x_wconf 88' lang='lat' dir='ltr'><strong>plurimum</strong></span> <span class='ocrx_word' id='word_1_92' title='bbox 888 1462 1211 1534; x_wconf 53' lang='lat' dir='ltr'><strong>recessissesimdc,</strong></span> 
     </span>
     <span class='ocr_line' id='line_1_14' title="bbox 88 1560 1209 1650; baseline 0.006 -22"><span class='ocrx_word' id='word_1_93' title='bbox 88 1562 261 1630; x_wconf 84' lang='lat' dir='ltr'><strong>communi</strong></span> <span class='ocrx_word' id='word_1_94' title='bbox 287 1561 411 1628; x_wconf 84' lang='lat' dir='ltr'><strong>saeculi</strong></span> <span class='ocrx_word' id='word_1_95' title='bbox 440 1560 515 1628; x_wconf 85' lang='lat' dir='ltr'><strong>labe</strong></span> <span class='ocrx_word' id='word_1_96' title='bbox 544 1561 675 1650; x_wconf 89' lang='lat' dir='ltr'><strong>etipse</strong></span> <span class='ocrx_word' id='word_1_97' title='bbox 702 1584 745 1626; x_wconf 85' lang='lat' dir='ltr'><strong>ex</strong></span> <span class='ocrx_word' id='word_1_98' title='bbox 772 1571 867 1649; x_wconf 90' lang='lat' dir='ltr'><strong>parte</strong></span> <span class='ocrx_word' id='word_1_99' title='bbox 895 1560 959 1628; x_wconf 85' lang='lat' dir='ltr'><strong>fuit</strong></span> <span class='ocrx_word' id='word_1_100' title='bbox 993 1561 1209 1650; x_wconf 55' lang='lat' dir='ltr'><strong>adspersum</strong></span> 
     </span>
     <span class='ocr_line' id='line_1_15' title="bbox 86 1662 1211 1751; baseline 0.004 -21"><span class='ocrx_word' id='word_1_101' title='bbox 86 1662 319 1731; x_wconf 72' lang='lat' dir='ltr'><strong>Veruntamen</strong></span> <span class='ocrx_word' id='word_1_102' title='bbox 349 1665 414 1729; x_wconf 91' lang='lat' dir='ltr'><strong>hoc</strong></span> <span class='ocrx_word' id='word_1_103' title='bbox 440 1687 503 1751; x_wconf 89' lang='lat' dir='ltr'><strong>pro</strong></span> <span class='ocrx_word' id='word_1_104' title='bbox 530 1663 607 1730; x_wconf 86' lang='lat' dir='ltr'><strong>aevi</strong></span> <span class='ocrx_word' id='word_1_105' title='bbox 632 1662 720 1728; x_wconf 91' lang='lat' dir='ltr'><strong>illius</strong></span> <span class='ocrx_word' id='word_1_106' title='bbox 748 1663 847 1750; x_wconf 85' lang='lat' dir='ltr'><strong>genio</strong></span> <span class='ocrx_word' id='word_1_107' title='bbox 867 1662 997 1750; x_wconf 75' lang='lat' dir='ltr'>insigne</span> <span class='ocrx_word' id='word_1_108' title='bbox 1020 1662 1086 1733; x_wconf 88' lang='lat' dir='ltr'><strong>fuit</strong></span> <span class='ocrx_word' id='word_1_109' title='bbox 1106 1687 1211 1736; x_wconf 56' lang='grc' dir='ltr'><strong>ωοη</strong></span> 
     </span>
     <span class='ocr_line' id='line_1_16' title="bbox 88 1765 1211 1856; baseline 0.003 -25"><span class='ocrx_word' id='word_1_110' title='bbox 88 1766 213 1844; x_wconf 84' lang='lat' dir='ltr'><strong>ritum,</strong></span> <span class='ocrx_word' id='word_1_111' title='bbox 253 1765 355 1832; x_wconf 85' lang='lat' dir='ltr'><strong>fidem</strong></span> <span class='ocrx_word' id='word_1_112' title='bbox 384 1767 509 1852; x_wconf 86' lang='lat' dir='ltr'><strong>pariter</strong></span> <span class='ocrx_word' id='word_1_113' title='bbox 544 1777 642 1850; x_wconf 85' lang='lat' dir='ltr'><strong>atque</strong></span> <span class='ocrx_word' id='word_1_114' title='bbox 678 1765 793 1832; x_wconf 79' lang='lat' dir='ltr'><strong>literas</strong></span> <span class='ocrx_word' id='word_1_115' title='bbox 825 1786 934 1832; x_wconf 85' lang='lat' dir='ltr'><strong>sacras</strong></span> <span class='ocrx_word' id='word_1_116' title='bbox 964 1765 1006 1832; x_wconf 88' lang='lat' dir='ltr'><strong>ab</strong></span> <span class='ocrx_word' id='word_1_117' title='bbox 1040 1779 1211 1856; x_wconf 57' lang='lat' dir='ltr'><strong>externas-</strong></span> 
     </span>
     <span class='ocr_line' id='line_1_17' title="bbox 89 1851 1212 1953; baseline 0.001 -20"><span class='ocrx_word' id='word_1_118' title='bbox 89 1867 454 1938; x_wconf 80' lang='lat' dir='ltr'><strong>ecolesiaeauctoritate</strong></span> <span class='ocrx_word' id='word_1_119' title='bbox 469 1866 673 1952; x_wconf 86' lang='lat' dir='ltr'><strong>aliquantum</strong></span> <span class='ocrx_word' id='word_1_120' title='bbox 689 1867 853 1932; x_wconf 84' lang='lat' dir='ltr'><strong>liberasse·</strong></span> <span class='ocrx_word' id='word_1_121' title='bbox 877 1867 967 1953; x_wconf 89' lang='lat' dir='ltr'><strong>quod</strong></span> <span class='ocrx_word' id='word_1_122' title='bbox 982 1867 1038 1933; x_wconf 87' lang='lat' dir='ltr'><strong>vel</strong></span> <span class='ocrx_word' id='word_1_123' title='bbox 1052 1867 1179 1936; x_wconf 86' lang='lat' dir='ltr'><strong>inritus</strong></span> <span class='ocrx_word' id='word_1_124' title='bbox 1198 1851 1212 1934; x_wconf 55' lang='grc' dir='ltr'><strong>ι’,</strong></span> 
     </span>
     <span class='ocr_line' id='line_1_18' title="bbox 89 1965 1210 2058; baseline 0.001 -23"><span class='ocrx_word' id='word_1_125' title='bbox 89 1968 226 2040; x_wconf 45' lang='lat' dir='ltr'><strong>effecit..</strong></span> <span class='ocrx_word' id='word_1_126' title='bbox 249 1969 369 2036; x_wconf 82' lang='lat' dir='ltr'>Fidem</span> <span class='ocrx_word' id='word_1_127' title='bbox 393 1965 483 2034; x_wconf 87' lang='lat' dir='ltr'><strong>enim</strong></span> <span class='ocrx_word' id='word_1_128' title='bbox 506 1992 572 2034; x_wconf 88' lang='lat' dir='ltr'><strong>uon</strong></span> <span class='ocrx_word' id='word_1_129' title='bbox 595 1967 678 2046; x_wconf 83' lang='lat' dir='ltr'><strong>nisi,</strong></span> <span class='ocrx_word' id='word_1_130' title='bbox 713 1991 818 2054; x_wconf 88' lang='lat' dir='ltr'><strong>quum</strong></span> <span class='ocrx_word' id='word_1_131' title='bbox 840 1991 884 2034; x_wconf 88' lang='lat' dir='ltr'><strong>ex</strong></span> <span class='ocrx_word' id='word_1_132' title='bbox 906 1968 1073 2040; x_wconf 86' lang='lat' dir='ltr'><strong>intellectu</strong></span> <span class='ocrx_word' id='word_1_133' title='bbox 1096 1989 1210 2058; x_wconf 65' lang='lat' dir='ltr'><strong>pro-0,</strong></span> 
     </span>
     <span class='ocr_line' id='line_1_19' title="bbox 87 2070 1210 2157; baseline -0.004 -19"><span class='ocrx_word' id='word_1_134' title='bbox 87 2070 174 2138; x_wconf 82' lang='lat' dir='ltr'><strong>fecta</strong></span> <span class='ocrx_word' id='word_1_135' title='bbox 203 2085 303 2153; x_wconf 87' lang='lat' dir='ltr'><strong>esset,</strong></span> <span class='ocrx_word' id='word_1_136' title='bbox 335 2071 457 2140; x_wconf 86' lang='lat' dir='ltr'><strong>iustam</strong></span> <span class='ocrx_word' id='word_1_137' title='bbox 484 2093 552 2136; x_wconf 90' lang='lat' dir='ltr'><strong>esse</strong></span> <span class='ocrx_word' id='word_1_138' title='bbox 577 2083 668 2136; x_wconf 89' lang='lat' dir='ltr'><strong>ratus</strong></span> <span class='ocrx_word' id='word_1_139' title='bbox 694 2092 883 2147; x_wconf 84' lang='lat' dir='ltr'><strong>assensum,</strong></span> <span class='ocrx_word' id='word_1_140' title='bbox 916 2093 1016 2157; x_wconf 86' lang='lat' dir='ltr'><strong>quern</strong></span> <span class='ocrx_word' id='word_1_141' title='bbox 1044 2074 1182 2141; x_wconf 81' lang='lat' dir='ltr'><strong>ecclesia</strong></span> <span class='ocrx_word' id='word_1_142' title='bbox 1201 2093 1210 2134; x_wconf 65' lang='lat' dir='ltr'><strong>t</strong></span> 
     </span>
     <span class='ocr_line' id='line_1_20' title="bbox 87 2171 1178 2262; baseline 0 -20"><span class='ocrx_word' id='word_1_143' title='bbox 87 2176 295 2261; x_wconf 85' lang='lat' dir='ltr'><strong>requirebat,</strong></span> <span class='ocrx_word' id='word_1_144' title='bbox 331 2171 576 2260; x_wconf 84' lang='lat' dir='ltr'><strong>quodammodo</strong></span> <span class='ocrx_word' id='word_1_145' title='bbox 598 2173 737 2241; x_wconf 72' lang='lat' dir='ltr'><strong>sustulit.</strong></span> <span class='ocrx_word' id='word_1_146' title='bbox 779 2173 829 2240; x_wconf 87' lang='lat' dir='ltr'><strong>Ea</strong></span> <span class='ocrx_word' id='word_1_147' title='bbox 848 2173 999 2258; x_wconf 85' lang='lat' dir='ltr'><strong>quidem,</strong></span> <span class='ocrx_word' id='word_1_148' title='bbox 1029 2195 1118 2261; x_wconf 82' lang='lat' dir='ltr'><strong>quae</strong></span> <span class='ocrx_word' id='word_1_149' title='bbox 1134 2177 1178 2262; x_wconf 83' lang='lat' dir='ltr'><strong>ad</strong></span> 
     </span>
     <span class='ocr_line' id='line_1_21' title="bbox 9 2274 1211 2364; baseline -0.003 -16"><span class='ocrx_word' id='word_1_150' title='bbox 9 2339 13 2348; x_wconf 95' lang='lat'>.</span> <span class='ocrx_word' id='word_1_151' title='bbox 87 2281 301 2348; x_wconf 70' lang='lat' dir='ltr'><strong>communem</strong></span> <span class='ocrx_word' id='word_1_152' title='bbox 324 2275 511 2343; x_wconf 87' lang='lat' dir='ltr'><strong>doctrinam</strong></span> <span class='ocrx_word' id='word_1_153' title='bbox 534 2276 759 2362; x_wconf 84' lang='lat' dir='ltr'><strong>pertinebant,</strong></span> <span class='ocrx_word' id='word_1_154' title='bbox 789 2274 983 2364; x_wconf 87' lang='lat' dir='ltr'><strong>recipienda</strong></span> <span class='ocrx_word' id='word_1_155' title='bbox 1004 2299 1074 2344; x_wconf 87' lang='lat' dir='ltr'><strong>esse</strong></span> <span class='ocrx_word' id='word_1_156' title='bbox 1094 2277 1211 2344; x_wconf 79' lang='lat' dir='ltr'><strong>dixit..</strong></span> 
     </span>
     <span class='ocr_line' id='line_1_22' title="bbox 87 2377 1210 2466; baseline 0 -22"><span class='ocrx_word' id='word_1_157' title='bbox 87 2379 220 2459; x_wconf 83' lang='lat' dir='ltr'><strong>omnia3</strong></span> <span class='ocrx_word' id='word_1_158' title='bbox 249 2377 436 2466; x_wconf 90' lang='lat' dir='ltr'><strong>recipiendi</strong></span> <span class='ocrx_word' id='word_1_159' title='bbox 454 2388 564 2445; x_wconf 86' lang='lat' dir='ltr'><strong>autem</strong></span> <span class='ocrx_word' id='word_1_160' title='bbox 586 2399 718 2442; x_wconf 86' lang='lat' dir='ltr'><strong>oausam</strong></span> <span class='ocrx_word' id='word_1_161' title='bbox 741 2377 826 2446; x_wconf 87' lang='lat' dir='ltr'><strong>hano</strong></span> <span class='ocrx_word' id='word_1_162' title='bbox 848 2401 920 2443; x_wconf 89' lang='lat' dir='ltr'><strong>esse</strong></span> <span class='ocrx_word' id='word_1_163' title='bbox 942 2377 1065 2444; x_wconf 89' lang='lat' dir='ltr'><strong>debere</strong></span> <span class='ocrx_word' id='word_1_164' title='bbox 1085 2378 1210 2444; x_wconf 55' lang='lat' dir='ltr'><strong>effic-0</strong></span> 
     </span>
     <span class='ocr_line' id='line_1_23' title="bbox 88 2473 1209 2568; baseline 0.001 -22"><span class='ocrx_word' id='word_1_165' title='bbox 88 2482 209 2558; x_wconf 74' lang='lat' dir='ltr'><strong>mevit,</strong></span> <span class='ocrx_word' id='word_1_166' title='bbox 232 2481 422 2566; x_wconf 83' lang='lat' dir='ltr'><strong>quodvera</strong></span> <span class='ocrx_word' id='word_1_167' title='bbox 440 2489 565 2556; x_wconf 80' lang='lat' dir='ltr'><strong>essent,</strong></span> <span class='ocrx_word' id='word_1_168' title='bbox 591 2501 700 2566; x_wconf 83' lang='lat' dir='ltr'><strong>neque</strong></span> <span class='ocrx_word' id='word_1_169' title='bbox 714 2503 796 2545; x_wconf 88' lang='lat' dir='ltr'><strong>vero</strong></span> <span class='ocrx_word' id='word_1_170' title='bbox 812 2473 1179 2568; x_wconf 59' lang='lat' dir='ltr'><strong>quod‘publiuaauctoa·</strong></span> <span class='ocrx_word' id='word_1_171' title='bbox 1205 2521 1209 2547; x_wconf 59' lang='lat'>2</span> 
     </span>
     <span class='ocr_line' id='line_1_24' title="bbox 87 2581 1208 2666; baseline 0.004 -17"><span class='ocrx_word' id='word_1_172' title='bbox 87 2585 184 2649; x_wconf 80' lang='lat' dir='ltr'><strong>ritate</strong></span> <span class='ocrx_word' id='word_1_173' title='bbox 205 2583 468 2660; x_wconf 79' lang='lat' dir='ltr'><strong>inculcarentur,</strong></span> <span class='ocrx_word' id='word_1_174' title='bbox 490 2592 600 2666; x_wconf 89' lang='lat' dir='ltr'><strong>atque,</strong></span> <span class='ocrx_word' id='word_1_175' title='bbox 624 2581 704 2648; x_wconf 88' lang='lat' dir='ltr'><strong>licet</strong></span> <span class='ocrx_word' id='word_1_176' title='bbox 725 2603 797 2646; x_wconf 76' lang='lat' dir='ltr'><strong>curn</strong></span> <span class='ocrx_word' id='word_1_177' title='bbox 814 2583 954 2646; x_wconf 75' lang='lat' dir='ltr'><strong>scelesta</strong></span> <span class='ocrx_word' id='word_1_178' title='bbox 973 2583 1178 2653; x_wconf 74' lang='lat' dir='ltr'><strong>eredendum</strong></span> <span class='ocrx_word' id='word_1_179' title='bbox 1201 2607 1208 2654; x_wconf 59' lang='lat' dir='ltr'><strong>,r</strong></span> 
     </span>
     <span class='ocr_line' id='line_1_25' title="bbox 89 2670 1236 2770; baseline 0.001 -18"><span class='ocrx_word' id='word_1_180' title='bbox 89 2697 190 2758; x_wconf 85' lang='lat' dir='ltr'><strong>esset,</strong></span> <span class='ocrx_word' id='word_1_181' title='bbox 225 2685 383 2748; x_wconf 76' lang='lat' dir='ltr'><strong>ecclesiae</strong></span> <span class='ocrx_word' id='word_1_182' title='bbox 410 2697 521 2749; x_wconf 87' lang='lat' dir='ltr'><strong>tamen</strong></span> <span class='ocrx_word' id='word_1_183' title='bbox 552 2684 643 2748; x_wconf 90' lang='lat' dir='ltr'><strong>credi</strong></span> <span class='ocrx_word' id='word_1_184' title='bbox 671 2681 790 2752; x_wconf 87' lang='lat' dir='ltr'><strong>noluit.</strong></span> <span class='ocrx_word' id='word_1_185' title='bbox 842 2683 972 2751; x_wconf 87' lang='lat' dir='ltr'><strong>Pariter</strong></span> <span class='ocrx_word' id='word_1_186' title='bbox 999 2689 1204 2770; x_wconf 47' lang='lat' dir='ltr'><strong>quominus,</strong></span> <span class='ocrx_word' id='word_1_187' title='bbox 1232 2670 1236 2676; x_wconf 36' lang='lat'>¹</span> 
     </span>
     <span class='ocr_line' id='line_1_26' title="bbox 9 2783 1209 2876; baseline 0 -24"><span class='ocrx_word' id='word_1_188' title='bbox 9 2855 10 2864; x_wconf 53' lang='grc'>,</span> <span class='ocrx_word' id='word_1_189' title='bbox 89 2807 206 2854; x_wconf 72' lang='lat' dir='ltr'><strong>cneum</strong></span> <span class='ocrx_word' id='word_1_190' title='bbox 220 2807 366 2850; x_wconf 86' lang='lat' dir='ltr'><strong>assensus</strong></span> <span class='ocrx_word' id='word_1_191' title='bbox 380 2783 568 2869; x_wconf 81' lang='lat' dir='ltr'><strong>vulgaribus</strong></span> <span class='ocrx_word' id='word_1_192' title='bbox 583 2786 797 2873; x_wconf 87' lang='lat' dir='ltr'><strong>opinionibus</strong></span> <span class='ocrx_word' id='word_1_193' title='bbox 806 2785 993 2865; x_wconf 85' lang='lat' dir='ltr'><strong>haberetur,</strong></span> <span class='ocrx_word' id='word_1_194' title='bbox 1008 2789 1209 2876; x_wconf 48' lang='lat' dir='ltr'><strong>impediitss</strong></span> 
     </span>
     <span class='ocr_line' id='line_1_27' title="bbox 88 2885 1208 2973; baseline 0 -17"><span class='ocrx_word' id='word_1_195' title='bbox 88 2897 167 2956; x_wconf 87' lang='lat' dir='ltr'><strong>nam</strong></span> <span class='ocrx_word' id='word_1_196' title='bbox 189 2910 296 2973; x_wconf 85' lang='lat' dir='ltr'><strong>nequo</strong></span> <span class='ocrx_word' id='word_1_197' title='bbox 313 2885 606 2970; x_wconf 49' lang='lat' dir='ltr'><strong>citogrecipiendffi</strong></span> <span class='ocrx_word' id='word_1_198' title='bbox 634 2911 740 2973; x_wconf 88' lang='lat' dir='ltr'><strong>neque</strong></span> <span class='ocrx_word' id='word_1_199' title='bbox 765 2898 891 2954; x_wconf 84' lang='lat' dir='ltr'><strong>temere</strong></span> <span class='ocrx_word' id='word_1_200' title='bbox 912 2888 1094 2963; x_wconf 85' lang='lat' dir='ltr'><strong>retinenda</strong></span> <span class='ocrx_word' id='word_1_201' title='bbox 1108 2911 1183 2959; x_wconf 67' lang='lat' dir='ltr'><strong>esse,</strong></span> <span class='ocrx_word' id='word_1_202' title='bbox 1204 2923 1208 2962; x_wconf 84' lang='grc'><em>;</em></span> 
     </span>
     <span class='ocr_line' id='line_1_28' title="bbox 87 2987 1205 3082; baseline 0.002 -26"><span class='ocrx_word' id='word_1_203' title='bbox 87 2990 274 3082; x_wconf 85' lang='lat' dir='ltr'><strong>praecepit,</strong></span> <span class='ocrx_word' id='word_1_204' title='bbox 310 3011 393 3076; x_wconf 89' lang='lat' dir='ltr'><strong>quae</strong></span> <span class='ocrx_word' id='word_1_205' title='bbox 415 2987 621 3054; x_wconf 84' lang='lat' dir='ltr'><strong>Christianae</strong></span> <span class='ocrx_word' id='word_1_206' title='bbox 649 2987 820 3053; x_wconf 87' lang='lat' dir='ltr'><strong>doctrinae</strong></span> <span class='ocrx_word' id='word_1_207' title='bbox 845 2990 982 3055; x_wconf 87' lang='lat' dir='ltr'><strong>nomine</strong></span> <span class='ocrx_word' id='word_1_208' title='bbox 1004 2992 1178 3068; x_wconf 67' lang='lat' dir='ltr'><strong>venirenta</strong></span> <span class='ocrx_word' id='word_1_209' title='bbox 1200 3015 1205 3040; x_wconf 69' lang='lat'><em>³</em></span> 
     </span>
     <span class='ocr_line' id='line_1_29' title="bbox 88 3089 1206 3177; baseline -0.002 -17"><span class='ocrx_word' id='word_1_210' title='bbox 88 3095 129 3160; x_wconf 86' lang='lat' dir='ltr'><strong>ad</strong></span> <span class='ocrx_word' id='word_1_211' title='bbox 144 3094 311 3158; x_wconf 83' lang='lat' dir='ltr'><strong>sinceram·</strong></span> <span class='ocrx_word' id='word_1_212' title='bbox 322 3113 402 3156; x_wconf 83' lang='lat' dir='ltr'><strong>vero</strong></span> <span class='ocrx_word' id='word_1_213' title='bbox 419 3089 496 3156; x_wconf 86' lang='lat' dir='ltr'><strong>fidei</strong></span> <span class='ocrx_word' id='word_1_214' title='bbox 512 3089 682 3177; x_wconf 77' lang='lat' dir='ltr'><strong>notioaerp</strong></span> <span class='ocrx_word' id='word_1_215' title='bbox 704 3089 768 3154; x_wconf 86' lang='lat' dir='ltr'><strong>hoe</strong></span> <span class='ocrx_word' id='word_1_216' title='bbox 785 3090 931 3166; x_wconf 89' lang='lat' dir='ltr'><strong>adiecto,</strong></span> <span class='ocrx_word' id='word_1_217' title='bbox 955 3101 994 3154; x_wconf 91' lang='lat' dir='ltr'><strong>ut</strong></span> <span class='ocrx_word' id='word_1_218' title='bbox 1012 3115 1051 3156; x_wconf 86' lang='lat' dir='ltr'><strong>ea</strong></span> <span class='ocrx_word' id='word_1_219' title='bbox 1072 3093 1179 3163; x_wconf 49' lang='lat' dir='ltr'><strong>retice</strong></span> <span class='ocrx_word' id='word_1_220' title='bbox 1200 3125 1206 3142; x_wconf 59' lang='lat'><em>2</em></span> 
     </span>
     <span class='ocr_line' id='line_1_30' title="bbox 9 3191 1206 3279; baseline -0.001 -15"><span class='ocrx_word' id='word_1_221' title='bbox 9 3209 11 3230; x_wconf 86' lang='lat'><strong>¹</strong></span> <span class='ocrx_word' id='word_1_222' title='bbox 88 3198 185 3264; x_wconf 88' lang='lat' dir='ltr'><strong>nibus</strong></span> <span class='ocrx_word' id='word_1_223' title='bbox 206 3197 275 3263; x_wconf 87' lang='lat' dir='ltr'><strong>niti.</strong></span> <span class='ocrx_word' id='word_1_224' title='bbox 293 3195 445 3270; x_wconf 82' lang='lat' dir='ltr'><strong>deberet,</strong></span> <span class='ocrx_word' id='word_1_225' title='bbox 482 3191 669 3256; x_wconf 85' lang='lat' dir='ltr'><strong>credulitati</strong></span> <span class='ocrx_word' id='word_1_226' title='bbox 704 3192 873 3279; x_wconf 87' lang='lat' dir='ltr'><strong>persuasio</strong></span> <span class='ocrx_word' id='word_1_227' title='bbox 903 3192 1206 3262; x_wconf 65' lang='lat' dir='ltr'><strong>substitueretu-</strong></span> 
     </span>
     <span class='ocr_line' id='line_1_31' title="bbox 88 3293 1204 3389; baseline 0.002 -24"><span class='ocrx_word' id='word_1_228' title='bbox 88 3298 219 3365; x_wconf 87' lang='lat' dir='ltr'><strong>Deinde</strong></span> <span class='ocrx_word' id='word_1_229' title='bbox 233 3297 416 3389; x_wconf 85' lang='lat' dir='ltr'><strong>tbeologiae</strong></span> <span class='ocrx_word' id='word_1_230' title='bbox 432 3317 562 3381; x_wconf 86' lang='lat' dir='ltr'><strong>quoque</strong></span> <span class='ocrx_word' id='word_1_231' title='bbox 576 3293 780 3360; x_wconf 68' lang='lat' dir='ltr'><strong>conditio&#39;ex</strong></span> <span class='ocrx_word' id='word_1_232' title='bbox 795 3296 864 3362; x_wconf 88' lang='lat' dir='ltr'><strong>eius</strong></span> <span class='ocrx_word' id='word_1_233' title='bbox 877 3295 1017 3360; x_wconf 85' lang='lat' dir='ltr'><strong>decretis</strong></span> <span class='ocrx_word' id='word_1_234' title='bbox 1031 3297 1177 3364; x_wconf 87' lang='lat' dir='ltr'><strong>multum</strong></span> <span class='ocrx_word' id='word_1_235' title='bbox 1200 3361 1204 3367; x_wconf 84' lang='grc'>,</span> 
     </span>
     <span class='ocr_line' id='line_1_32' title="bbox 88 3395 1185 3486; baseline 0.001 -21"><span class='ocrx_word' id='word_1_236' title='bbox 88 3399 236 3465; x_wconf 87' lang='lat' dir='ltr'><strong>utilitatis</strong></span> <span class='ocrx_word' id='word_1_237' title='bbox 250 3398 423 3486; x_wconf 89' lang='lat' dir='ltr'><strong>percipere</strong></span> <span class='ocrx_word' id='word_1_238' title='bbox 437 3395 555 3483; x_wconf 88' lang='lat' dir='ltr'><strong>potuit.</strong></span> <span class='ocrx_word' id='word_1_239' title='bbox 598 3395 711 3460; x_wconf 86' lang='lat' dir='ltr'><strong>Posito</strong></span> <span class='ocrx_word' id='word_1_240' title='bbox 727 3397 837 3472; x_wconf 90' lang='lat' dir='ltr'><strong>enim,</strong></span> <span class='ocrx_word' id='word_1_241' title='bbox 857 3398 889 3461; x_wconf 89' lang='lat' dir='ltr'><strong>ei</strong></span> <span class='ocrx_word' id='word_1_242' title='bbox 910 3396 974 3462; x_wconf 91' lang='lat' dir='ltr'><strong>hoc</strong></span> <span class='ocrx_word' id='word_1_243' title='bbox 993 3399 1185 3484; x_wconf 74' lang='lat' dir='ltr'><strong>contigisse,¹</strong></span> 
     </span>
     <span class='ocr_line' id='line_1_33' title="bbox 88 3483 1177 3590; baseline 0 -23"><span class='ocrx_word' id='word_1_244' title='bbox 88 3513 125 3567; x_wconf 92' lang='lat' dir='ltr'><strong>ut</strong></span> <span class='ocrx_word' id='word_1_245' title='bbox 140 3499 382 3590; x_wconf 88' lang='lat' dir='ltr'><strong>philosophiam</strong></span> <span class='ocrx_word' id='word_1_246' title='bbox 396 3520 536 3583; x_wconf 88' lang='lat' dir='ltr'><strong>eamque</strong></span> <span class='ocrx_word' id='word_1_247' title='bbox 546 3499 587 3564; x_wconf 87' lang='lat' dir='ltr'><strong>ad</strong></span> <span class='ocrx_word' id='word_1_248' title='bbox 601 3483 702 3576; x_wconf 73' lang='lat' dir='ltr'><strong>silius</strong></span> <span class='ocrx_word' id='word_1_249' title='bbox 718 3500 905 3566; x_wconf 87' lang='lat' dir='ltr'><strong>dialecticae</strong></span> <span class='ocrx_word' id='word_1_250' title='bbox 917 3512 1092 3588; x_wconf 88' lang='lat' dir='ltr'><strong>praecepta</strong></span> <span class='ocrx_word' id='word_1_251' title='bbox 1108 3511 1177 3568; x_wconf 85' lang='lat' dir='ltr'><strong>nou</strong></span> 
     </span>
     <span class='ocr_line' id='line_1_34' title="bbox 88 3600 1270 3690; baseline -0.003 -19"><span class='ocrx_word' id='word_1_252' title='bbox 88 3605 291 3682; x_wconf 79' lang='lat' dir='ltr'><strong>restrictam,</strong></span> <span class='ocrx_word' id='word_1_253' title='bbox 312 3602 371 3667; x_wconf 89' lang='lat' dir='ltr'><strong>etsi</strong></span> <span class='ocrx_word' id='word_1_254' title='bbox 392 3600 521 3666; x_wconf 88' lang='lat' dir='ltr'><strong>ratione</strong></span> <span class='ocrx_word' id='word_1_255' title='bbox 543 3601 712 3666; x_wconf 86' lang='lat' dir='ltr'><strong>interdum</strong></span> <span class='ocrx_word' id='word_1_256' title='bbox 721 3602 792 3689; x_wconf 47' lang='lat' dir='ltr'><strong>,vix</strong></span> <span class='ocrx_word' id='word_1_257' title='bbox 805 3603 995 3690; x_wconf 89' lang='lat' dir='ltr'><strong>probanda,</strong></span> <span class='ocrx_word' id='word_1_258' title='bbox 1015 3599 1206 3690; x_wconf 85' lang='lat' dir='ltr'><strong>theologis</strong></span> <span class='ocrx_word' id='word_1_259' title='bbox 1267 3673 1270 3679; x_wconf 57' lang='grc'><strong>,</strong></span> 
     </span>
     <span class='ocr_line' id='line_1_35' title="bbox 89 3703 1226 3790; baseline 0 -19"><span class='ocrx_word' id='word_1_260' title='bbox 89 3705 348 3782; x_wconf 85' lang='lat' dir='ltr'><strong>commendaret,</strong></span> <span class='ocrx_word' id='word_1_261' title='bbox 363 3703 468 3789; x_wconf 87' lang='lat' dir='ltr'><strong>iisq&#39;ue</strong></span> <span class='ocrx_word' id='word_1_262' title='bbox 482 3704 705 3790; x_wconf 83' lang='lat' dir='ltr'><strong>persuaderet,</strong></span> <span class='ocrx_word' id='word_1_263' title='bbox 731 3727 797 3790; x_wconf 90' lang='lat' dir='ltr'><strong>quo</strong></span> <span class='ocrx_word' id='word_1_264' title='bbox 813 3704 1014 3784; x_wconf 85' lang='lat' dir='ltr'><strong>constantius</strong></span> <span class='ocrx_word' id='word_1_265' title='bbox 1028 3704 1068 3767; x_wconf 87' lang='lat' dir='ltr'><strong>ad</strong></span> <span class='ocrx_word' id='word_1_266' title='bbox 1084 3704 1176 3770; x_wconf 87' lang='lat' dir='ltr'><strong>illam</strong></span> <span class='ocrx_word' id='word_1_267' title='bbox 1192 3755 1194 3762; x_wconf 84' lang='lat'><em>.</em></span> <span class='ocrx_word' id='word_1_268' title='bbox 1224 3721 1226 3725; x_wconf 82' lang='grc'><strong>“</strong></span> 
     </span>
     <span class='ocr_line' id='line_1_36' title="bbox 88 3795 1203 3896; baseline 0 -24"><span class='ocrx_word' id='word_1_269' title='bbox 88 3832 124 3878; x_wconf 88' lang='lat' dir='ltr'><strong>se</strong></span> <span class='ocrx_word' id='word_1_270' title='bbox 139 3808 362 3896; x_wconf 81' lang='lat' dir='ltr'><strong>applicarent,</strong></span> <span class='ocrx_word' id='word_1_271' title='bbox 383 3829 423 3870; x_wconf 89' lang='lat' dir='ltr'><strong>eo</strong></span> <span class='ocrx_word' id='word_1_272' title='bbox 445 3807 519 3894; x_wconf 88' lang='lat' dir='ltr'><strong>plus</strong></span> <span class='ocrx_word' id='word_1_273' title='bbox 540 3805 780 3896; x_wconf 88' lang='lat' dir='ltr'><strong>perspicuitatis</strong></span> <span class='ocrx_word' id='word_1_274' title='bbox 802 3822 900 3894; x_wconf 86' lang='lat' dir='ltr'><strong>atque</strong></span> <span class='ocrx_word' id='word_1_275' title='bbox 912 3805 1119 3889; x_wconf 88' lang='lat' dir='ltr'><strong>certitudinis</strong></span> <span class='ocrx_word' id='word_1_276' title='bbox 1135 3795 1203 3892; x_wconf 80' lang='lat' dir='ltr'><strong>ad&#39;</strong></span> 
     </span>
     <span class='ocr_line' id='line_1_37' title="bbox 88 3896 1207 3997; baseline -0.007 -20"><span class='ocrx_word' id='word_1_277' title='bbox 88 3909 261 3977; x_wconf 87' lang='lat' dir='ltr'><strong>literarum</strong></span> <span class='ocrx_word' id='word_1_278' title='bbox 273 3930 443 3974; x_wconf 87' lang='lat' dir='ltr'><strong>sacrarum</strong></span> <span class='ocrx_word' id='word_1_279' title='bbox 458 3906 698 3975; x_wconf 85' lang='lat' dir='ltr'><strong>institutionem</strong></span> <span class='ocrx_word' id='word_1_280' title='bbox 710 3896 883 3988; x_wconf 87' lang='lat' dir='ltr'><strong>accedere,</strong></span> <span class='ocrx_word' id='word_1_281' title='bbox 905 3908 964 3974; x_wconf 86' lang='lat' dir='ltr'><strong>has</strong></span> <span class='ocrx_word' id='word_1_282' title='bbox 984 3909 1207 3997; x_wconf 65' lang='lat' dir='ltr'><strong>ipsas-hauds</strong></span> 
     </span>
    </p>
   </div>
   <div class='ocr_carea' id='block_1_3' title="bbox 90 4010 1371 4182">
    <p class='ocr_par' dir='ltr' id='par_1_3' title="bbox 90 4010 1371 4182">
     <span class='ocr_line' id='line_1_38' title="bbox 90 4010 1371 4105; baseline 0.007 -27"><span class='ocrx_word' id='word_1_283' title='bbox 90 4013 189 4080; x_wconf 90' lang='lat' dir='ltr'><strong>dubie</strong></span> <span class='ocrx_word' id='word_1_284' title='bbox 209 4013 249 4080; x_wconf 90' lang='lat' dir='ltr'><strong>ab</strong></span> <span class='ocrx_word' id='word_1_285' title='bbox 265 4011 419 4080; x_wconf 85' lang='lat' dir='ltr'><strong>ecclesiae</strong></span> <span class='ocrx_word' id='word_1_286' title='bbox 439 4010 576 4080; x_wconf 87' lang='lat' dir='ltr'><strong>arbitrio</strong></span> <span class='ocrx_word' id='word_1_287' title='bbox 596 4034 716 4100; x_wconf 85' lang='lat' dir='ltr'><strong>magna</strong></span> <span class='ocrx_word' id='word_1_288' title='bbox 736 4037 778 4082; x_wconf 84' lang='lat' dir='ltr'><strong>ex</strong></span> <span class='ocrx_word' id='word_1_289' title='bbox 792 4025 889 4105; x_wconf 86' lang='lat' dir='ltr'><strong>parto</strong></span> <span class='ocrx_word' id='word_1_290' title='bbox 902 4013 1022 4081; x_wconf 85' lang='lat' dir='ltr'><strong>liberas</strong></span> <span class='ocrx_word' id='word_1_291' title='bbox 1038 4013 1177 4104; x_wconf 85' lang='lat' dir='ltr'><strong>praesti·</strong></span> <span class='ocrx_word' id='word_1_292' title='bbox 1264 4083 1268 4094; x_wconf 82' lang='lat'><strong>,</strong></span> <span class='ocrx_word' id='word_1_293' title='bbox 1370 4029 1371 4036; x_wconf 78' lang='grc'>’</span> 
     </span>
     <span class='ocr_line' id='line_1_39' title="bbox 645 4117 967 4182; baseline 0.012 -4"><span class='ocrx_word' id='word_1_294' title='bbox 645 4123 653 4140; x_wconf 78' lang='lat'><strong><em>‘</em></strong></span> <span class='ocrx_word' id='word_1_295' title='bbox 850 4151 855 4162; x_wconf 83' lang='lat'>·</span> <span class='ocrx_word' id='word_1_296' title='bbox 944 4117 967 4182; x_wconf 72' lang='lat' dir='ltr'><strong>tt</strong></span> 
     </span>
    </p>
   </div>
   <div class='ocr_carea' id='block_1_4' title="bbox 0 0 1392 4486">
    <p class='ocr_par' dir='ltr' id='par_1_4' title="bbox 0 0 1392 4486">
     <span class='ocr_line' id='line_1_40' title="bbox 0 0 1392 4486; baseline 0 0"><span class='ocrx_word' id='word_1_297' title='bbox 0 0 1392 4486; x_wconf 95' lang='lat' dir='ltr'><strong> </strong></span> 
     </span>
    </p>
   </div>
  </div>
 </body>
</html>
