2774 4486
589 171 912 248 ''8⁰¹¹“

207 357 289 424 tium
304 369 407 437 acque
420 361 516 436 atque
526 349 703 418 Ansclmua
718 349 1296 438 dialecticaeinprimisdemandavit,

208 479 309 546 quam
330 453 544 520 illustrandae
565 465 663 540 atque
682 452 930 519 confirmandae
957 453 1035 519 fidei
1054 454 1197 520 maxime
1217 454 1295 519 ido-

207 583 306 627 neam
326 555 450 622 habuit.
492 556 580 620 Nam
600 558 684 619 sicut
705 567 881 640 antequam
901 555 1101 639 theologiam
1118 552 1296 643 profitere-

207 675 281 737 tur,
302 660 391 725 illios
403 657 482 723 artis
498 656 651 723 facultate
666 661 897 746 maximopere
918 659 1073 722 excelluit
1092 669 1125 722 et
1144 659 1296 743 „logicae

207 764 429 852 „opinionem
451 761 605 825 omnibus
624 762 805 826 coaetaneis
831 761 899 826 suis
922 759 1107 847 praeripuit
1131 761 1230 839 adeo,
1256 769 1297 824 ut

210 867 326 950 „solus
343 863 530 931 Aristotelis
553 863 743 928 crederetur
765 885 841 928 usus
865 863 1056 946 colloquio“
1082 865 1150 939 (lo.
1173 863 1297 928 Sarisb.

208 967 323 1035 Metal.
337 966 362 1044 I,
380 964 432 1045 5);
452 963 498 1027 ita
510 965 728 1030 saecularium
742 969 862 1031 artium
880 965 1098 1052 disciplinam,
1118 977 1296 1052 postquam

206 1071 244 1136 in
258 1068 488 1152 theologorum
504 1075 606 1129 castra
627 1089 662 1131 ae
681 1068 883 1145 coniecerat,
912 1089 977 1131 uon
1001 1079 1157 1150 tanquam
1178 1066 1297 1130 inutile

207 1191 293 1237 onus
309 1168 436 1245 abiecit,
457 1168 513 1232 aed
529 1168 597 1248 „de
610 1167 660 1232 his
675 1171 765 1254 quasi
782 1169 916 1234 hamum
934 1169 1098 1252 quendam
1114 1168 1298 1248 fabricarit,

207 1295 301 1360 ‚qquo
313 1271 480 1336 scholares
493 1291 570 1334 auos
589 1272 630 1335 ad
646 1294 743 1335 verae
757 1270 984 1359 philosophiae
999 1270 1175 1336 lectionem
1192 1281 1298 1336 attra-

206 1374 355 1458 qheret“
374 1371 464 1458 (hist.
481 1374 541 1437 cal.
560 1373 623 1454 19).
666 1372 780 1436 Studia
799 1372 902 1457 igitur
923 1372 1052 1460 pridem
1076 1383 1229 1436 consueta
1251 1373 1296 1436 ad

206 1497 298 1541 aeros
312 1495 413 1560 usque
427 1496 531 1539 annua
546 1474 750 1552 continuans,
772 1495 836 1558 quo
850 1475 957 1539 acrius
970 1487 1066 1538 antea
1080 1485 1297 1560 argumento-

206 1599 285 1644 rum
308 1577 537 1641 certitudinem
557 1577 871 1662 conclusionumque
893 1577 1082 1643 firmitatem
1101 1588 1297 1665 poposcerat

202 1680 268 1765 ¹(lo.
285 1679 357 1743 Sar.
374 1677 494 1743 Polior.
516 1679 564 1758 ll,
586 1682 638 1745 22.
661 1701 692 1767 p.
709 1679 751 1743 93
767 1680 816 1743 ed.
832 1679 939 1764 Logd.
958 1678 1068 1743 Metal·
1090 1680 1155 1742 lll.
1178 1681 1229 1759 θ),
1252 1701 1293 1744 eo
1383 1715 1384 1736 t

206 1781 312 1867 magis
327 1782 509 1846 cavendum
526 1803 595 1846 esse
610 1783 826 1854 existimavit,
849 1803 890 1846 ue
912 1782 991 1865 quid
1013 1781 1047 1844 in
1070 1778 1146 1845 fidei
1163 1781 1295 1868 proles-

205 1885 299 1948 aionc
319 1882 454 1947 dubium
481 1882 688 1968 proferretur
710 1883 862 1962 (131413)
885 1885 937 1949 rel
952 1885 1061 1968 ignota
1077 1882 1204 1948 rationo
1219 1905 1296 1948 cre-
1382 1915 1384 1974 ς

206 1986 355 2050 deretur.
404 1983 632 2067 Quamobrem
660 1990 703 2052 ita
729 1986 932 2050 dialecticam
960 2006 1035 2050 com
1064 1986 1165 2049 sacris
1190 1987 1296 2052 literis

202 2087 398 2160 coniunxit,
428 2097 463 2150 ut
482 2089 686 2164 ostenderet,
716 2111 782 2173 quo
803 2089 901 2152 modo
922 2109 1042 2173 magne
1066 2109 1142 2171 pars
1163 2111 1298 2168 eorum,

206 2209 291 2277 quae
305 2188 469 2254 credenda
484 2201 608 2267 essent,
634 2189 761 2258 etiamsi
774 2190 960 2275 vulgaribus
975 2191 1129 2277 loquendi
1143 2190 1297 2275 cogitan-

207 2293 309 2379 dique
324 2291 447 2377 regulis
465 2311 652 2378 repugnare
668 2293 882 2368 viderentur,
912 2313 986 2356 cum
1007 2293 1143 2356 summis
1158 2292 1299 2377 legibus,

207 2395 249 2460 ad
265 2415 346 2478 quas
358 2393 631 2481 philosophorum
647 2394 823 2460 auctoritas
840 2394 1019 2479 antiquitus
1034 2415 1167 2460 omnem
1186 2395 1301 2460 medi-

207 2497 365 2564 tationem
384 2507 578 2572 revocasset,
592 2497 743 2583 apprime
756 2499 988 2562 convenirent:
1010 2495 1096 2560 hano
1112 2497 1201 2561 euim
1217 2497 1302 2561 illa·-

208 2621 286 2666 rum
302 2596 369 2661 vim
384 2618 453 2659 esso
468 2610 565 2680 atque
578 2597 772 2676 efficaciam,
803 2609 839 2661 ut
858 2622 941 2684 quae
961 2599 1100 2664 obscura
1110 2648 1121 2678 ,
1149 2597 1302 2664 difficilia

209 2719 247 2764 ac
260 2699 383 2762 incerta
398 2717 559 2783 apparere
574 2699 836 2776 consuevissent,
858 2703 897 2764 ad
920 2723 975 2766 eas
997 2703 1099 2766 relata
1115 2702 1302 2766 eraderent

209 2797 400 2889 perspicua,
429 2797 581 2885 expedita
599 2802 808 2887 assensuique
832 2802 1124 2868 commendatiora·
1175 2802 1302 2887 Quan—

208 2901 331 2966 tnmris
352 2909 460 2963 autern
475 2921 642 2968 summum
659 2904 844 2969 dialecticae
859 2916 1106 2993 praeceptorem
1125 2903 1303 2970 Aristote-

208 3003 275 3072 lem
303 3013 335 3068 et
362 3023 436 3079 eos,
471 3004 587 3090 quiin
615 3005 683 3070 eius
711 3006 805 3072 libris
831 3007 996 3071 vertendis
1023 3006 1304 3092 exponendisque

208 3106 479 3186 elaboraverant,
507 3108 697 3174 aestimaret
718 3130 901 3196 eorumque
920 3110 1049 3196 scriptis
1072 3121 1221 3174 uteretur
1236 3111 1303 3189 35),

206 3325 273 3392 quid
290 3322 450 3389 exponitur,
480 3322 503 3374 si
526 3337 581 3376 non
598 3325 726 3400 intelligi-
774 3344 823 3381 nea
841 3327 987 3381 d'Aristote
1006 3337 1057 3380 eto.
1079 3325 1176 3390 1819.)
1199 3341 1230 3392 p.
1251 3329 1303 3386 32.

208 3393 271 3444 tur?
299 3399 351 3446 etc.
394 3393 485 3444 Tract.
514 3392 542 3445 io
569 3411 613 3450 ev.
637 3396 679 3454 lo.
701 3400 724 3465 l,
774 3398 901 3468 Nogloxit
919 3407 1006 3449 tamen
1027 3411 1154 3461 monere,
1175 3396 1305 3448 mentio-

209 3477 233 3515 c.
253 3465 278 3513 1.
297 3461 391 3525 (Tum.
407 3458 454 3511 ΙΙΙ.
475 3477 501 3528 ρ.
515 3464 553 3526 2).
774 3483 836 3519 nem
853 3465 914 3519 libri
929 3465 1102 3534 physicorum
1121 3467 1148 3516 ll
1166 3465 1250 3526 (1268
1258 3466 1305 3530 A)

260 3529 307 3596 35)
331 3531 440 3581 Praeter
461 3531 593 3598 analytica
613 3539 724 3602 utraque
773 3537 942 3588 librariorum
957 3538 1123 3587 editorumve
1146 3534 1237 3584 errori
1256 3543 1306 3585 et·

208 3601 327 3652 omnium
351 3599 494 3664 librorum,
524 3617 592 3667 qnae
620 3605 653 3654 ad
676 3619 725 3655 or·
772 3605 940 3658 tribuendam
969 3604 1071 3658 videri:
1106 3603 1190 3655 verba
1222 3602 1308 3655 enim

206 3684 297 3790 gaeon
311 3667 462 3736 pertinent,
480 3671 579 3722 mentio
591 3669 619 3722 in
631 3669 724 3725 albae·
773 3673 866 3737 allata,
899 3673 1019 3742 qtsaurris
1056 3671 1152 3723 similia
1184 3678 1308 3723 exstent

219 3737 275 3788 ardi
307 3739 432 3804 operibus
459 3739 529 3789 sacta
557 3747 615 3804 est,
654 3740 724 3794 sicut
772 3745 851 3811 phys.
869 3759 940 3794 ausc.
963 3741 982 3806 l,
1001 3746 1018 3793 2
1035 3758 1056 3792 a.
1076 3741 1113 3805 ᾗ,
1132 3739 1308 3810 ἐπήορα-Ιο-

191 3807 480 3859 *tecteanimadvertit
495 3809 619 3858 Iardanos
636 3810 724 3874 (iottr-
772 3821 871 3884 guntur
888 3814 921 3862 de
932 3811 1042 3878 interpr.
1055 3808 1209 3874 ruutsip.
1240 3809 1308 3862 Ne-

207 3875 270 3927 (lain
279 3876 443 3928 recherches
455 3874 581 3944 oritiqnes
594 3893 640 3929 aur
653 3878 722 3950 l'dge
773 3898 825 3948 qne
849 3879 935 3932 rarius
961 3880 993 3931 ad
1012 3877 1193 3946 Porphyrium
1214 3886 1308 3946 atque

205 3951 235 3998 et
259 3943 380 4016 l’origina
407 3946 455 3998 des
478 3945 642 3999 traductione
659 3949 723 4002 lati·
773 3949 918 4004 Boethium
935 3948 1102 4003 Abaelcrdus
1117 3957 1277 4017 provocat.
