2798 4486
1064 230 1112 306 15

115 402 148 472 in
169 397 291 470 semine
313 419 374 468 suo
397 400 511 496 gentes
534 418 651 468 omnes
672 395 929 484 benedicendas,
955 388 1026 471 nnn
1047 401 1113 472 boc

116 541 153 584 ex
179 509 424 582 circumcisione
452 508 514 578 sed
535 535 575 579 ex
596 508 652 579 illa
672 509 790 581 meruit
812 510 1014 598 obedientia,
1046 539 1112 610 qna

115 624 211 696 voluit
230 621 332 720 lilium
353 620 533 705 immolare.
576 620 728 717 Denique
754 622 783 693 si
804 623 988 694 nniversam
1011 639 1111 696 testae

113 735 213 834 menti
231 733 330 804 vestri
351 733 500 805 revolvas
523 733 710 819 historiam,
740 734 863 824 nullam
885 735 1027 831 reperies
1051 739 1112 826 cir·
1214 733 1217 747 ’

114 845 319 920 cumei-sionis
341 846 635 942 remunerationem
660 835 871 942 promissam,
901 849 962 918 sed
982 849 1019 919 id
1040 865 1112 921 tan·

112 977 176 1030 tum
198 984 220 1028 a
245 958 377 1029 domino
401 958 612 1032 coustitutum
635 983 724 1043 esse,
751 975 788 1028 ut
816 960 962 1056 quisquis
991 962 1033 1034 de
1060 988 1112 1035 se-

112 1072 193 1142 mine
209 1071 364 1141 Abrabae
383 1070 595 1141 circumcisus
617 1096 685 1141 non
707 1068 868 1156 fueritin
889 1073 1014 1168 populo
1038 1099 1113 1160 sno,
1220 1076 1224 1085 ¹

111 1185 216 1255 idest
242 1182 327 1252 inter
347 1182 431 1254 filios
454 1182 622 1269 Abrahae,
650 1209 720 1252 non
750 1201 1012 1255 connumeretur.
1056 1187 1112 1258 Sic

112 1296 232 1394 quippe
266 1294 424 1390 scriptum
461 1311 512 1366 est
545 1295 680 1366 domino
710 1294 877 1365 Abraham
913 1295 1041 1368 dicente
1065 1308 1113 1386 ¹)r

112 1410 262 1496 Statuam
295 1423 428 1502 pactum
455 1433 565 1478 meum
594 1407 678 1478 inter
705 1433 758 1478 me
792 1423 825 1478 et
852 1423 901 1494 te,
937 1425 970 1479 et
999 1435 1114 1482 semen

109 1537 197 1592 tunm
220 1534 301 1614 post
321 1535 353 1590 te
373 1535 443 1604 etc,
472 1520 537 1590 hoc
566 1535 619 1596 ,est
645 1537 778 1616 pactum
806 1520 896 1617 quod
925 1522 1113 1595 observabi·

110 1632 156 1707 tis:
202 1629 464 1702 Circumcidetur
485 1659 524 1702 ex
552 1632 645 1702 robis
674 1621 773 1703 omne
801 1629 1035 1729 masculinnm,
1064 1636 1114 1705 in·

30 1789 33 1796 ·
109 1744 180 1814 fans
217 1760 294 1814 octo
323 1743 446 1814 dierum
476 1743 723 1815 circumcidetur
755 1745 790 1814 in
816 1745 919 1820 vohis.
979 1747 1121 1821 Masta-r

100 1857 160 1927 ¹lus
182 1860 274 1950 cnjus
297 1855 459 1952 praeputii
481 1881 556 1926 saro
584 1856 774 1927 circumcisa
802 1882 871 1927 non
898 1855 1010 1944 luent,
1039 1886 1113 1955 per-

113 1969 170 2038 ibit
196 1969 303 2038 anima
332 1967 386 2039 illa
416 1969 456 2039 de
485 1967 610 2064 populo
645 1993 706 2039 suo
741 1984 801 2042 etc.
846 1966 950 2059 Quod
981 1971 1113 2067 quidem
1224 2016 1226 2024 »

112 2081 231 2177 perire,
259 2082 289 2150 si
316 2081 359 2152 de
388 2081 597 2151 damnatione
626 2105 757 2176 quoqne
780 2079 908 2150 animae
930 2081 1128 2176 intelligens

111 2194 185 2262 dnm
208 2217 284 2263 esse
308 2193 466 2278 dixeritis,
495 2209 586 2264 tanto
613 2193 721 2262 minus
744 2191 843 2261 babet
863 2191 998 2264 rationis
1021 2193 1113 2265 insti·

76 2297 82 2303 ¹
110 2306 186 2376 tutio
211 2305 479 2391 circumcisionis,
502 2322 623 2402 quanto
646 2303 863 2400 periculosius
883 2321 934 2376 est
954 2330 1026 2376 eam
1044 2333 1111 2376 non

110 2419 250 2502 babere,
277 2417 348 2489 sine
379 2443 444 2516 qua
471 2417 560 2514 prius
590 2417 670 2487 nihil
700 2417 863 2489 officiebat
885 2442 967 2492 esse.
1015 2417 1112 2508 Quae

111 2531 206 2602 etiam
237 2530 399 2602 sententia
426 2557 564 2624 regnum
593 2529 759 2600 caelorum
786 2530 961 2626 praestruit
981 2530 1111 2618 infanti-

109 2643 168 2712 bus
190 2642 381 2712 antediem
404 2659 555 2713 octavum
583 2641 812 2727 morientibus,
841 2640 897 2738 qui
917 2641 1041 2712 nullam
1064 2660 1113 2720 ta·

109 2781 184 2826 men
214 2754 323 2824 adhuc
352 2753 582 2825 commiserunt
608 2779 744 2838 noxam,
774 2779 839 2852 qua
858 2755 1016 2824 'damnari
1044 2771 1113 2825 me·'

107 2868 242 2938 ruerint.
294 2865 395 2956 Quod
431 2867 529 2936 etiam
558 2867 729 2962 diligenter
757 2867 906 2937 attendas
936 2893 1035 2964 quam
1061 2895 1111 2938 re·

108 2977 369 3066 munerationem
391 2979 617 3051 observantiae
640 2982 740 3051 totins
763 2979 844 3073 legis
867 2977 1020 3050 dominns
1036 2979 1111 3074 pro·
1147 3015 1149 3020 ·

108 3094 247 3185 mit(t)at
274 3114 326 3182 ac
341 3088 510 3188 praefigat.
554 3091 643 3164 Nihil
669 3092 781 3188 ntique
808 3090 886 3176 inde
915 3091 957 3158 ab
981 3117 1021 3160 eo
1048 3091 1110 3161 nisi

107 3219 272 3274 terrenam
293 3205 543 3300 prosperitatem
566 3205 702 3301 potestis
732 3219 938 3298 exspectare,
967 3229 1039 3271 cum
1062 3199 1112 3272 rii·
1189 3223 1193 3232 “

22 3313 24 3336 ’
107 3315 152 3384 hil
181 3314 271 3386 aliud
301 3316 346 3386 ihi
380 3317 578 3413 promissum
613 3343 687 3389 esse
720 3316 866 3389 videatis.
931 3313 1002 3405 Qui
1038 3341 1112 3384 cum

107 3455 168 3498 nec
198 3430 354 3499 ostendat
385 3431 491 3500 utrum
515 3430 599 3499 hanc
621 3428 736 3500 saltem
759 3427 949 3510 obtineatis,
979 3427 1035 3521 qui
1056 3455 1096 3498 ve

72 3569 80 3581 ·
107 3557 175 3612 stro
201 3567 332 3636 quoqne
354 3543 475 3636 jndicio
499 3568 597 3639 super
619 3567 734 3613 omnes
749 3539 903 3612 mortales
922 3538 1112 3634 affligimini,

24 3727 26 3732 ,
108 3677 172 3749 qua
196 3678 255 3748 spe
278 3653 312 3723 in
334 3654 396 3724 bae
415 3655 496 3749 legis
520 3655 705 3727 obedientia
728 3670 830 3725 tutet
852 3669 942 3723 tanta
966 3654 1113 3746 suste(i)·

107 3765 215 3835 neatis
244 3790 312 3835 non
340 3768 546 3839 mediocriter
573 3785 623 3840 est
648 3767 848 3852 mirandum,
877 3793 954 3836 cnm
983 3765 1039 3837 illo
1067 3769 1111 3838 vi·

124 4009 159 4080 1)
180 4007 247 4068 Gen.
265 4009 354 4080 XVII,
372 4013 414 4069 10.
433 4029 491 4090 sqq.

114 4196 118 4226 l
