<?xml version="1.0" encoding="UTF-8"?>
<!DOCTYPE html PUBLIC "-//W3C//DTD XHTML 1.0 Transitional//EN"
    "http://www.w3.org/TR/xhtml1/DTD/xhtml1-transitional.dtd">
<html xmlns="http://www.w3.org/1999/xhtml" xml:lang="en" lang="en">
 <head>
  <title>
</title>
<meta http-equiv="Content-Type" content="text/html;charset=utf-8" />
  <meta name='ocr-system' content='tesseract 3.04.00' />
  <meta name='ocr-capabilities' content='ocr_page ocr_carea ocr_par ocr_line ocrx_word'/>
</head>
<body>
  <div class='ocr_page' id='page_1' title='image "./dialogusinterph00abelgoog_0344.png"; bbox 0 0 2774 4486; ppageno 0'>
   <div class='ocr_carea' id='block_1_1' title="bbox 576 145 901 240">
    <p class='ocr_par' dir='ltr' id='par_1_1' title="bbox 576 145 901 240">
     <span class='ocr_line' id='line_1_1' title="bbox 760 145 762 152; baseline 0 0"><span class='ocrx_word' id='word_1_1' title='bbox 760 145 762 152; x_wconf 78' lang='grc'><strong><em>,</em></strong></span> 
     </span>
     <span class='ocr_line' id='line_1_2' title="bbox 576 159 901 240; baseline 0 -28"><span class='ocrx_word' id='word_1_2' title='bbox 576 159 901 240; x_wconf 56' lang='lat' dir='ltr'><strong>„gg-.-</strong></span> 
     </span>
    </p>
   </div>
   <div class='ocr_carea' id='block_1_2' title="bbox 117 321 1329 1647">
    <p class='ocr_par' dir='ltr' id='par_1_2' title="bbox 117 321 1329 1647">
     <span class='ocr_line' id='line_1_3' title="bbox 197 321 1329 421; baseline -0.009 -9"><span class='ocrx_word' id='word_1_3' title='bbox 197 335 527 419; x_wconf 68' lang='lat' dir='ltr'><strong>domnoniensem</strong></span> <span class='ocrx_word' id='word_1_4' title='bbox 550 334 769 410; x_wconf 77' lang='lat' dir='ltr'><strong>admiratione</strong></span> <span class='ocrx_word' id='word_1_5' title='bbox 796 346 881 408; x_wconf 77' lang='lat' dir='ltr'><strong>totus</strong></span> <span class='ocrx_word' id='word_1_6' title='bbox 903 332 1284 421; x_wconf 61' lang='lat' dir='ltr'><strong>berannensium</strong></span> <span class='ocrx_word' id='word_1_7' title='bbox 1324 321 1329 326; x_wconf 66' lang='grc'><strong>’</strong></span> 
     </span>
     <span class='ocr_line' id='line_1_4' title="bbox 196 435 1286 522; baseline 0.001 -19"><span class='ocrx_word' id='word_1_8' title='bbox 196 437 285 521; x_wconf 78' lang='lat' dir='ltr'><strong>haud</strong></span> <span class='ocrx_word' id='word_1_9' title='bbox 303 435 607 508; x_wconf 84' lang='lat' dir='ltr'><strong>dubieauctoritete</strong></span> <span class='ocrx_word' id='word_1_10' title='bbox 623 437 755 516; x_wconf 84' lang='lat' dir='ltr'><strong>duetus,</strong></span> <span class='ocrx_word' id='word_1_11' title='bbox 778 459 876 522; x_wconf 82' lang='lat' dir='ltr'><strong>quem</strong></span> <span class='ocrx_word' id='word_1_12' title='bbox 897 436 933 504; x_wconf 86' lang='lat' dir='ltr'><strong>in</strong></span> <span class='ocrx_word' id='word_1_13' title='bbox 955 459 994 502; x_wconf 80' lang='lat' dir='ltr'><strong>ea</strong></span> <span class='ocrx_word' id='word_1_14' title='bbox 1007 439 1165 510; x_wconf 84' lang='lat' dir='ltr'><strong>sententis</strong></span> <span class='ocrx_word' id='word_1_15' title='bbox 1180 438 1286 504; x_wconf 82' lang='lat' dir='ltr'><strong>luisse</strong></span> 
     </span>
     <span class='ocr_line' id='line_1_5' title="bbox 197 535 1287 627; baseline 0 -23"><span class='ocrx_word' id='word_1_16' title='bbox 197 547 340 622; x_wconf 79' lang='lat' dir='ltr'><strong>constet,</strong></span> <span class='ocrx_word' id='word_1_17' title='bbox 369 535 572 615; x_wconf 74' lang='lat' dir='ltr'>Platonicos,</span> <span class='ocrx_word' id='word_1_18' title='bbox 602 539 630 605; x_wconf 85' lang='lat' dir='ltr'><strong>si</strong></span> <span class='ocrx_word' id='word_1_19' title='bbox 652 540 737 608; x_wconf 85' lang='lat' dir='ltr'><strong>hano</strong></span> <span class='ocrx_word' id='word_1_20' title='bbox 760 540 860 606; x_wconf 84' lang='lat' dir='ltr'><strong>vitam</strong></span> <span class='ocrx_word' id='word_1_21' title='bbox 882 559 997 604; x_wconf 87' lang='lat' dir='ltr'><strong>rursus</strong></span> <span class='ocrx_word' id='word_1_22' title='bbox 1018 560 1116 623; x_wconf 81' lang='lat' dir='ltr'><strong>egere</strong></span> <span class='ocrx_word' id='word_1_23' title='bbox 1140 551 1287 627; x_wconf 81' lang='lat' dir='ltr'><strong>possent,</strong></span> 
     </span>
     <span class='ocr_line' id='line_1_6' title="bbox 195 637 1288 732; baseline 0 -24"><span class='ocrx_word' id='word_1_24' title='bbox 195 643 307 732; x_wconf 83' lang='lat' dir='ltr'><strong>paucis</strong></span> <span class='ocrx_word' id='word_1_25' title='bbox 322 637 453 708; x_wconf 84' lang='lat' dir='ltr'><strong>mutetis</strong></span> <span class='ocrx_word' id='word_1_26' title='bbox 470 638 580 704; x_wconf 82' lang='lat' dir='ltr'><strong>verbis</strong></span> <span class='ocrx_word' id='word_1_27' title='bbox 592 662 631 704; x_wconf 86' lang='lat' dir='ltr'><strong>ec</strong></span> <span class='ocrx_word' id='word_1_28' title='bbox 643 642 812 706; x_wconf 79' lang='lat' dir='ltr'><strong>sententiis</strong></span> <span class='ocrx_word' id='word_1_29' title='bbox 825 640 1028 706; x_wconf 71' lang='lat' dir='ltr'>Christianos</span> <span class='ocrx_word' id='word_1_30' title='bbox 1041 640 1114 706; x_wconf 87' lang='lat' dir='ltr'><strong>fore</strong></span> <span class='ocrx_word' id='word_1_31' title='bbox 1130 642 1189 720; x_wconf 91' lang='lat' dir='ltr'><strong>(de</strong></span> <span class='ocrx_word' id='word_1_32' title='bbox 1201 665 1288 708; x_wconf 80' lang='lat' dir='ltr'><strong>veru</strong></span> 
     </span>
     <span class='ocr_line' id='line_1_7' title="bbox 198 740 1288 830; baseline -0.004 -18"><span class='ocrx_word' id='word_1_33' title='bbox 198 742 346 830; x_wconf 78' lang='lat' dir='ltr'><strong>relig.4,</strong></span> <span class='ocrx_word' id='word_1_34' title='bbox 370 746 396 824; x_wconf 85' lang='lat'><strong>§.</strong></span> <span class='ocrx_word' id='word_1_35' title='bbox 409 743 441 806; x_wconf 90' lang='lat'><strong>7.</strong></span> <span class='ocrx_word' id='word_1_36' title='bbox 468 740 508 806; x_wconf 87' lang='lat' dir='ltr'><strong>T.</strong></span> <span class='ocrx_word' id='word_1_37' title='bbox 522 741 574 824; x_wconf 88' lang='lat' dir='ltr'><strong>L).</strong></span> <span class='ocrx_word' id='word_1_38' title='bbox 617 740 716 826; x_wconf 90' lang='lat' dir='ltr'><strong>Quod</strong></span> <span class='ocrx_word' id='word_1_39' title='bbox 734 743 823 808; x_wconf 89' lang='lat' dir='ltr'><strong>illius</strong></span> <span class='ocrx_word' id='word_1_40' title='bbox 844 754 989 810; x_wconf 87' lang='lat' dir='ltr'><strong>mentem</strong></span> <span class='ocrx_word' id='word_1_41' title='bbox 1013 765 1080 810; x_wconf 89' lang='lat' dir='ltr'><strong>nou</strong></span> <span class='ocrx_word' id='word_1_42' title='bbox 1101 743 1176 808; x_wconf 83' lang='lat' dir='ltr'><strong>satis</strong></span> <span class='ocrx_word' id='word_1_43' title='bbox 1193 767 1288 808; x_wconf 61' lang='lat' dir='ltr'><strong>esse-2</strong></span> 
     </span>
     <span class='ocr_line' id='line_1_8' title="bbox 117 842 1288 934; baseline -0.003 -20"><span class='ocrx_word' id='word_1_44' title='bbox 117 925 119 934; x_wconf 22' lang='lat' dir='ltr'>y</span> <span class='ocrx_word' id='word_1_45' title='bbox 196 859 289 914; x_wconf 89' lang='lat' dir='ltr'><strong>cutus</strong></span> <span class='ocrx_word' id='word_1_46' title='bbox 305 856 364 920; x_wconf 85' lang='lat' dir='ltr'><strong>est,</strong></span> <span class='ocrx_word' id='word_1_47' title='bbox 385 843 508 920; x_wconf 83' lang='lat' dir='ltr'><strong>mirum</strong></span> <span class='ocrx_word' id='word_1_48' title='bbox 523 842 644 910; x_wconf 81' lang='lat' dir='ltr'><strong>hebere</strong></span> <span class='ocrx_word' id='word_1_49' title='bbox 657 844 826 910; x_wconf 83' lang='lat' dir='ltr'><strong>neminem</strong></span> <span class='ocrx_word' id='word_1_50' title='bbox 843 856 959 932; x_wconf 86' lang='lat' dir='ltr'><strong>potest,</strong></span> <span class='ocrx_word' id='word_1_51' title='bbox 977 843 1133 929; x_wconf 82' lang='lat' dir='ltr'><strong>quoniam</strong></span> <span class='ocrx_word' id='word_1_52' title='bbox 1153 867 1195 908; x_wconf 84' lang='lat' dir='ltr'><strong>ex</strong></span> <span class='ocrx_word' id='word_1_53' title='bbox 1212 843 1288 910; x_wconf 84' lang='lat' dir='ltr'><strong>eius</strong></span> 
     </span>
     <span class='ocr_line' id='line_1_9' title="bbox 196 944 1288 1036; baseline 0.002 -22"><span class='ocrx_word' id='word_1_54' title='bbox 196 949 290 1020; x_wconf 78' lang='lat' dir='ltr'><strong>libris</strong></span> <span class='ocrx_word' id='word_1_55' title='bbox 302 957 435 1036; x_wconf 49' lang='lat' dir='ltr'><strong>¹praeter</strong></span> <span class='ocrx_word' id='word_1_56' title='bbox 448 944 624 1014; x_wconf 81' lang='lat' dir='ltr'><strong>Timaeum</strong></span> <span class='ocrx_word' id='word_1_57' title='bbox 643 946 701 1010; x_wconf 84' lang='lat' dir='ltr'><strong>vix</strong></span> <span class='ocrx_word' id='word_1_58' title='bbox 717 945 860 1030; x_wconf 76' lang='lat' dir='ltr'><strong>aliquem</strong></span> <span class='ocrx_word' id='word_1_59' title='bbox 875 948 944 1034; x_wconf 88' lang='lat' dir='ltr'><strong>ipso</strong></span> <span class='ocrx_word' id='word_1_60' title='bbox 958 945 1097 1027; x_wconf 81' lang='lat' dir='ltr'><strong>videret,</strong></span> <span class='ocrx_word' id='word_1_61' title='bbox 1117 948 1183 1025; x_wconf 87' lang='lat' dir='ltr'><strong>sed,</strong></span> <span class='ocrx_word' id='word_1_62' title='bbox 1198 967 1288 1032; x_wconf 77' lang='lat' dir='ltr'><strong>quea</strong></span> 
     </span>
     <span class='ocr_line' id='line_1_10' title="bbox 198 1047 1288 1137; baseline -0.004 -21"><span class='ocrx_word' id='word_1_63' title='bbox 198 1052 239 1116; x_wconf 89' lang='lat' dir='ltr'><strong>de</strong></span> <span class='ocrx_word' id='word_1_64' title='bbox 261 1050 332 1116; x_wconf 89' lang='lat' dir='ltr'><strong>eius</strong></span> <span class='ocrx_word' id='word_1_65' title='bbox 352 1048 512 1114; x_wconf 86' lang='lat' dir='ltr'><strong>sententia</strong></span> <span class='ocrx_word' id='word_1_66' title='bbox 532 1059 659 1123; x_wconf 85' lang='lat' dir='ltr'><strong>nosset,</strong></span> <span class='ocrx_word' id='word_1_67' title='bbox 686 1069 727 1112; x_wconf 86' lang='lat' dir='ltr'><strong>ex</strong></span> <span class='ocrx_word' id='word_1_68' title='bbox 748 1047 920 1114; x_wconf 81' lang='lat' dir='ltr'><strong>Macrobio</strong></span> <span class='ocrx_word' id='word_1_69' title='bbox 943 1047 1155 1137; x_wconf 81' lang='lat' dir='ltr'><strong>patribusque</strong></span> <span class='ocrx_word' id='word_1_70' title='bbox 1175 1050 1288 1113; x_wconf 80' lang='lat' dir='ltr'><strong>eccle-</strong></span> 
     </span>
     <span class='ocr_line' id='line_1_11' title="bbox 196 1150 1286 1237; baseline -0.003 -18"><span class='ocrx_word' id='word_1_71' title='bbox 196 1151 331 1218; x_wconf 87' lang='lat' dir='ltr'><strong>siasticis</strong></span> <span class='ocrx_word' id='word_1_72' title='bbox 350 1151 545 1237; x_wconf 85' lang='lat' dir='ltr'><strong>plerumque</strong></span> <span class='ocrx_word' id='word_1_73' title='bbox 564 1150 718 1215; x_wconf 80' lang='lat' dir='ltr'><strong>hauserat</strong></span> <span class='ocrx_word' id='word_1_74' title='bbox 732 1152 792 1230; x_wconf 82' lang='lat'>38).</span> <span class='ocrx_word' id='word_1_75' title='bbox 834 1151 952 1216; x_wconf 89' lang='lat' dir='ltr'><strong>Nihilo</strong></span> <span class='ocrx_word' id='word_1_76' title='bbox 976 1152 1086 1218; x_wconf 85' lang='lat' dir='ltr'><strong>miuus</strong></span> <span class='ocrx_word' id='word_1_77' title='bbox 1108 1150 1286 1230; x_wconf 85' lang='lat' dir='ltr'><strong>intellexit,</strong></span> 
     </span>
     <span class='ocr_line' id='line_1_12' title="bbox 197 1251 1286 1340; baseline -0.002 -19"><span class='ocrx_word' id='word_1_78' title='bbox 197 1254 349 1340; x_wconf 76' lang='lat' dir='ltr'><strong>antiquos</strong></span> <span class='ocrx_word' id='word_1_79' title='bbox 370 1253 531 1340; x_wconf 83' lang='lat' dir='ltr'><strong>sepientes</strong></span> <span class='ocrx_word' id='word_1_80' title='bbox 552 1263 682 1339; x_wconf 84' lang='lat' dir='ltr'><strong>praeter</strong></span> <span class='ocrx_word' id='word_1_81' title='bbox 709 1251 891 1318; x_wconf 80' lang='lat' dir='ltr'><strong>dialectices</strong></span> <span class='ocrx_word' id='word_1_82' title='bbox 909 1253 1102 1322; x_wconf 81' lang='lat' dir='ltr'><strong>subtilitates</strong></span> <span class='ocrx_word' id='word_1_83' title='bbox 1116 1255 1149 1322; x_wconf 88' lang='lat' dir='ltr'><strong>io</strong></span> <span class='ocrx_word' id='word_1_84' title='bbox 1169 1253 1286 1321; x_wconf 87' lang='lat' dir='ltr'><strong>multis</strong></span> 
     </span>
     <span class='ocr_line' id='line_1_13' title="bbox 197 1352 1287 1441; baseline -0.002 -19"><span class='ocrx_word' id='word_1_85' title='bbox 197 1357 295 1422; x_wconf 87' lang='lat' dir='ltr'><strong>otiam</strong></span> <span class='ocrx_word' id='word_1_86' title='bbox 307 1353 380 1418; x_wconf 78' lang='lat' dir='ltr'><strong>eliis</strong></span> <span class='ocrx_word' id='word_1_87' title='bbox 395 1354 500 1438; x_wconf 85' lang='lat' dir='ltr'><strong>iisque</strong></span> <span class='ocrx_word' id='word_1_88' title='bbox 515 1352 685 1419; x_wconf 81' lang='lat' dir='ltr'><strong>altioribus</strong></span> <span class='ocrx_word' id='word_1_89' title='bbox 696 1375 832 1441; x_wconf 78' lang='lat' dir='ltr'><strong>operum</strong></span> <span class='ocrx_word' id='word_1_90' title='bbox 843 1375 939 1424; x_wconf 86' lang='lat' dir='ltr'><strong>suam</strong></span> <span class='ocrx_word' id='word_1_91' title='bbox 954 1355 1129 1422; x_wconf 79' lang='lat' dir='ltr'><strong>collocasse</strong></span> <span class='ocrx_word' id='word_1_92' title='bbox 1143 1366 1176 1422; x_wconf 88' lang='lat' dir='ltr'><strong>et</strong></span> <span class='ocrx_word' id='word_1_93' title='bbox 1188 1377 1287 1424; x_wconf 88' lang='lat' dir='ltr'><strong>sum·</strong></span> 
     </span>
     <span class='ocr_line' id='line_1_14' title="bbox 197 1453 1284 1544; baseline -0.002 -20"><span class='ocrx_word' id='word_1_94' title='bbox 197 1480 291 1543; x_wconf 80' lang='lat' dir='ltr'><strong>mum</strong></span> <span class='ocrx_word' id='word_1_95' title='bbox 313 1455 489 1543; x_wconf 83' lang='lat' dir='ltr'><strong>praecipue</strong></span> <span class='ocrx_word' id='word_1_96' title='bbox 512 1453 785 1544; x_wconf 84' lang='lat' dir='ltr'><strong>philosophorum</strong></span> <span class='ocrx_word' id='word_1_97' title='bbox 800 1456 842 1520; x_wconf 86' lang='lat' dir='ltr'><strong>de</strong></span> <span class='ocrx_word' id='word_1_98' title='bbox 856 1457 953 1521; x_wconf 86' lang='lat' dir='ltr'><strong>rebus</strong></span> <span class='ocrx_word' id='word_1_99' title='bbox 970 1457 1089 1524; x_wconf 88' lang='lat' dir='ltr'><strong>divinis</strong></span> <span class='ocrx_word' id='word_1_100' title='bbox 1110 1457 1284 1526; x_wconf 64' lang='lat' dir='ltr'><strong>humenis,</strong></span> 
     </span>
     <span class='ocr_line' id='line_1_15' title="bbox 198 1556 1286 1647; baseline 0.004 -21"><span class='ocrx_word' id='word_1_101' title='bbox 198 1563 262 1646; x_wconf 81' lang='lat' dir='ltr'><strong>quc</strong></span> <span class='ocrx_word' id='word_1_102' title='bbox 275 1560 316 1626; x_wconf 85' lang='lat' dir='ltr'><strong>ed</strong></span> <span class='ocrx_word' id='word_1_103' title='bbox 331 1556 502 1624; x_wconf 81' lang='lat' dir='ltr'><strong>scientium</strong></span> <span class='ocrx_word' id='word_1_104' title='bbox 516 1558 639 1646; x_wconf 84' lang='lat' dir='ltr'><strong>pariter</strong></span> <span class='ocrx_word' id='word_1_105' title='bbox 651 1569 748 1644; x_wconf 87' lang='lat' dir='ltr'><strong>utque</strong></span> <span class='ocrx_word' id='word_1_106' title='bbox 763 1561 923 1627; x_wconf 79' lang='lat' dir='ltr'><strong>admorsa</strong></span> <span class='ocrx_word' id='word_1_107' title='bbox 940 1559 1179 1647; x_wconf 87' lang='lat' dir='ltr'><strong>pcrtinentibus</strong></span> <span class='ocrx_word' id='word_1_108' title='bbox 1192 1559 1286 1630; x_wconf 80' lang='lat' dir='ltr'><strong>haud</strong></span> 
     </span>
    </p>
   </div>
   <div class='ocr_carea' id='block_1_3' title="bbox 197 1725 1286 2972">
    <p class='ocr_par' dir='ltr' id='par_1_3' title="bbox 197 1725 1286 2972">
     <span class='ocr_line' id='line_1_16' title="bbox 198 1725 1285 1800; baseline 0.002 -18"><span class='ocrx_word' id='word_1_109' title='bbox 198 1747 275 1800; x_wconf 89' lang='lat' dir='ltr'><strong>„non</strong></span> <span class='ocrx_word' id='word_1_110' title='bbox 292 1725 483 1793; x_wconf 79' lang='lat' dir='ltr'><strong>essentialiter,</strong></span> <span class='ocrx_word' id='word_1_111' title='bbox 499 1727 546 1778; x_wconf 89' lang='lat' dir='ltr'><strong>sed</strong></span> <span class='ocrx_word' id='word_1_112' title='bbox 562 1725 715 1779; x_wconf 84' lang='lat' dir='ltr'><strong>individue·</strong></span> <span class='ocrx_word' id='word_1_113' title='bbox 765 1727 863 1796; x_wconf 87' lang='lat' dir='ltr'><strong>quippe</strong></span> <span class='ocrx_word' id='word_1_114' title='bbox 880 1729 997 1782; x_wconf 78' lang='lat' dir='ltr'><strong>realibus</strong></span> <span class='ocrx_word' id='word_1_115' title='bbox 1016 1731 1115 1799; x_wconf 87' lang='lat' dir='ltr'><strong>pariter</strong></span> <span class='ocrx_word' id='word_1_116' title='bbox 1132 1730 1285 1800; x_wconf 86' lang='lat' dir='ltr'><strong>oppositae,</strong></span> 
     </span>
     <span class='ocr_line' id='line_1_17' title="bbox 198 1794 1286 1867; baseline 0.001 -16"><span class='ocrx_word' id='word_1_117' title='bbox 198 1801 280 1867; x_wconf 79' lang='lat' dir='ltr'><strong>„liter</strong></span> <span class='ocrx_word' id='word_1_118' title='bbox 300 1800 350 1865; x_wconf 78' lang='lat' dir='ltr'><strong>(al.</strong></span> <span class='ocrx_word' id='word_1_119' title='bbox 372 1794 574 1862; x_wconf 84' lang='lat' dir='ltr'><strong>indifferenter)</strong></span> <span class='ocrx_word' id='word_1_120' title='bbox 594 1795 715 1849; x_wconf 84' lang='lat' dir='ltr'><strong>diceret“</strong></span> <span class='ocrx_word' id='word_1_121' title='bbox 765 1797 942 1863; x_wconf 77' lang='lat' dir='ltr'><strong>convenient,</strong></span> <span class='ocrx_word' id='word_1_122' title='bbox 960 1801 1070 1854; x_wconf 87' lang='lat' dir='ltr'><strong>interse</strong></span> <span class='ocrx_word' id='word_1_123' title='bbox 1082 1810 1170 1854; x_wconf 83' lang='lat' dir='ltr'><strong>tamen</strong></span> <span class='ocrx_word' id='word_1_124' title='bbox 1189 1801 1286 1853; x_wconf 82' lang='lat' dir='ltr'><strong>direr-</strong></span> 
     </span>
     <span class='ocr_line' id='line_1_18' title="bbox 197 1865 1284 1938; baseline 0.002 -18"><span class='ocrx_word' id='word_1_125' title='bbox 197 1871 272 1933; x_wconf 81' lang='lat' dir='ltr'><strong>(hist.</strong></span> <span class='ocrx_word' id='word_1_126' title='bbox 288 1870 338 1922; x_wconf 85' lang='lat' dir='ltr'><strong>cal.</strong></span> <span class='ocrx_word' id='word_1_127' title='bbox 352 1885 378 1934; x_wconf 85' lang='lat' dir='ltr'><strong>p.</strong></span> <span class='ocrx_word' id='word_1_128' title='bbox 394 1865 430 1933; x_wconf 79' lang='lat'><strong>5).</strong></span> <span class='ocrx_word' id='word_1_129' title='bbox 458 1865 495 1916; x_wconf 79' lang='lat' dir='ltr'><strong>At</strong></span> <span class='ocrx_word' id='word_1_130' title='bbox 512 1881 567 1917; x_wconf 91' lang='lat' dir='ltr'><strong>non</strong></span> <span class='ocrx_word' id='word_1_131' title='bbox 585 1870 715 1932; x_wconf 81' lang='lat' dir='ltr'><strong>opusest,</strong></span> <span class='ocrx_word' id='word_1_132' title='bbox 764 1883 810 1920; x_wconf 84' lang='lat' dir='ltr'><strong>sue</strong></span> <span class='ocrx_word' id='word_1_133' title='bbox 831 1869 960 1920; x_wconf 78' lang='lat' dir='ltr'><strong>dicendae</strong></span> <span class='ocrx_word' id='word_1_134' title='bbox 977 1870 1038 1922; x_wconf 87' lang='lat' dir='ltr'><strong>sint.</strong></span> <span class='ocrx_word' id='word_1_135' title='bbox 1066 1871 1122 1922; x_wconf 85' lang='lat' dir='ltr'><strong>lem</strong></span> <span class='ocrx_word' id='word_1_136' title='bbox 1134 1870 1284 1938; x_wconf 79' lang='lat' dir='ltr'><strong>veroquid</strong></span> 
     </span>
     <span class='ocr_line' id='line_1_19' title="bbox 197 1933 1285 2008; baseline 0.001 -19"><span class='ocrx_word' id='word_1_137' title='bbox 197 1947 227 1989; x_wconf 90' lang='lat' dir='ltr'><strong>nt</strong></span> <span class='ocrx_word' id='word_1_138' title='bbox 248 1937 380 1989; x_wconf 88' lang='lat' dir='ltr'><strong>Guillelmi</strong></span> <span class='ocrx_word' id='word_1_139' title='bbox 398 1933 529 1988; x_wconf 87' lang='lat' dir='ltr'><strong>sententie</strong></span> <span class='ocrx_word' id='word_1_140' title='bbox 546 1936 626 2000; x_wconf 83' lang='lat' dir='ltr'><strong>paulo</strong></span> <span class='ocrx_word' id='word_1_141' title='bbox 639 1933 716 1986; x_wconf 86' lang='lat' dir='ltr'><strong>aliter</strong></span> <span class='ocrx_word' id='word_1_142' title='bbox 765 1933 835 1986; x_wconf 86' lang='lat' dir='ltr'><strong>inter</strong></span> <span class='ocrx_word' id='word_1_143' title='bbox 848 1937 981 1990; x_wconf 85' lang='lat' dir='ltr'><strong>Rosoelini</strong></span> <span class='ocrx_word' id='word_1_144' title='bbox 994 1937 1188 2006; x_wconf 84' lang='lat' dir='ltr'><strong>Abeelardiquo</strong></span> <span class='ocrx_word' id='word_1_145' title='bbox 1202 1956 1285 2008; x_wconf 85' lang='lat' dir='ltr'><strong>prae-</strong></span> 
     </span>
     <span class='ocr_line' id='line_1_20' title="bbox 198 2003 1284 2074; baseline 0 -14"><span class='ocrx_word' id='word_1_146' title='bbox 198 2009 364 2062; x_wconf 81' lang='lat' dir='ltr'><strong>conformata</strong></span> <span class='ocrx_word' id='word_1_147' title='bbox 384 2007 417 2056; x_wconf 87' lang='lat' dir='ltr'><strong>ed</strong></span> <span class='ocrx_word' id='word_1_148' title='bbox 443 2003 601 2068; x_wconf 86' lang='lat' dir='ltr'><strong>discipulum</strong></span> <span class='ocrx_word' id='word_1_149' title='bbox 626 2011 716 2054; x_wconf 87' lang='lat' dir='ltr'><strong>trans·</strong></span> <span class='ocrx_word' id='word_1_150' title='bbox 766 2012 843 2070; x_wconf 87' lang='lat' dir='ltr'><strong>cepte</strong></span> <span class='ocrx_word' id='word_1_151' title='bbox 876 2007 1034 2058; x_wconf 86' lang='lat' dir='ltr'><strong>discriminis</strong></span> <span class='ocrx_word' id='word_1_152' title='bbox 1066 2007 1184 2074; x_wconf 87' lang='lat' dir='ltr'><strong>intersit,</strong></span> <span class='ocrx_word' id='word_1_153' title='bbox 1217 2008 1284 2060; x_wconf 87' lang='lat' dir='ltr'><strong>satis</strong></span> 
     </span>
     <span class='ocr_line' id='line_1_21' title="bbox 197 2071 1284 2148; baseline 0 -20"><span class='ocrx_word' id='word_1_154' title='bbox 197 2078 322 2140; x_wconf 78' lang='lat' dir='ltr'><strong>leretur3</strong></span> <span class='ocrx_word' id='word_1_155' title='bbox 357 2074 453 2127; x_wconf 90' lang='lat' dir='ltr'><strong>deinde</strong></span> <span class='ocrx_word' id='word_1_156' title='bbox 488 2071 534 2123; x_wconf 85' lang='lat' dir='ltr'><strong>ille</strong></span> <span class='ocrx_word' id='word_1_157' title='bbox 571 2072 715 2138; x_wconf 81' lang='lat' dir='ltr'><strong>disputatio</strong></span> <span class='ocrx_word' id='word_1_158' title='bbox 764 2074 879 2141; x_wconf 85' lang='lat' dir='ltr'><strong>perspici</strong></span> <span class='ocrx_word' id='word_1_159' title='bbox 904 2075 1010 2142; x_wconf 78' lang='lat' dir='ltr'><strong>uerprit:</strong></span> <span class='ocrx_word' id='word_1_160' title='bbox 1039 2093 1089 2142; x_wconf 87' lang='lat' dir='ltr'><strong>pro</strong></span> <span class='ocrx_word' id='word_1_161' title='bbox 1112 2092 1210 2148; x_wconf 77' lang='lat' dir='ltr'><strong>magno</strong></span> <span class='ocrx_word' id='word_1_162' title='bbox 1227 2093 1284 2128; x_wconf 86' lang='lat' dir='ltr'><strong>au-</strong></span> 
     </span>
     <span class='ocr_line' id='line_1_22' title="bbox 198 2139 1283 2216; baseline 0 -18"><span class='ocrx_word' id='word_1_163' title='bbox 198 2143 279 2216; x_wconf 80' lang='lat' dir='ltr'><strong>longe</strong></span> <span class='ocrx_word' id='word_1_164' title='bbox 297 2143 368 2212; x_wconf 89' lang='lat' dir='ltr'><strong>prins</strong></span> <span class='ocrx_word' id='word_1_165' title='bbox 387 2152 427 2195; x_wconf 89' lang='lat' dir='ltr'><strong>est</strong></span> <span class='ocrx_word' id='word_1_166' title='bbox 444 2139 550 2205; x_wconf 81' lang='lat' dir='ltr'><strong>habite,</strong></span> <span class='ocrx_word' id='word_1_167' title='bbox 571 2157 647 2208; x_wconf 80' lang='lat' dir='ltr'><strong>qtrem</strong></span> <span class='ocrx_word' id='word_1_168' title='bbox 668 2143 714 2194; x_wconf 90' lang='lat'><strong>10-</strong></span> <span class='ocrx_word' id='word_1_169' title='bbox 764 2150 818 2194; x_wconf 87' lang='lat' dir='ltr'><strong>tem</strong></span> <span class='ocrx_word' id='word_1_170' title='bbox 839 2161 854 2194; x_wconf 88' lang='lat' dir='ltr'><strong>e</strong></span> <span class='ocrx_word' id='word_1_171' title='bbox 874 2153 968 2196; x_wconf 87' lang='lat' dir='ltr'><strong>nostro</strong></span> <span class='ocrx_word' id='word_1_172' title='bbox 988 2145 1104 2196; x_wconf 85' lang='lat' dir='ltr'><strong>habitum</strong></span> <span class='ocrx_word' id='word_1_173' title='bbox 1123 2163 1182 2198; x_wconf 87' lang='lat' dir='ltr'><strong>esse</strong></span> <span class='ocrx_word' id='word_1_174' title='bbox 1201 2145 1283 2199; x_wconf 79' lang='lat' dir='ltr'><strong>vide-</strong></span> 
     </span>
     <span class='ocr_line' id='line_1_23' title="bbox 198 2211 1283 2279; baseline 0.001 -13"><span class='ocrx_word' id='word_1_175' title='bbox 198 2229 282 2267; x_wconf 83' lang='lat' dir='ltr'><strong>ennes</strong></span> <span class='ocrx_word' id='word_1_176' title='bbox 314 2214 347 2264; x_wconf 86' lang='lat' dir='ltr'><strong>sd</strong></span> <span class='ocrx_word' id='word_1_177' title='bbox 371 2211 549 2263; x_wconf 76' lang='lat' dir='ltr'><strong>Abaelardnm</strong></span> <span class='ocrx_word' id='word_1_178' title='bbox 574 2211 716 2262; x_wconf 83' lang='lat' dir='ltr'><strong>accederet</strong></span> <span class='ocrx_word' id='word_1_179' title='bbox 762 2217 823 2275; x_wconf 77' lang='lat' dir='ltr'><strong>tur,</strong></span> <span class='ocrx_word' id='word_1_180' title='bbox 846 2228 926 2279; x_wconf 85' lang='lat' dir='ltr'><strong>qmnn</strong></span> <span class='ocrx_word' id='word_1_181' title='bbox 944 2211 972 2263; x_wconf 91' lang='lat' dir='ltr'><strong>in</strong></span> <span class='ocrx_word' id='word_1_182' title='bbox 988 2213 1064 2279; x_wconf 89' lang='lat' dir='ltr'><strong>epist.</strong></span> <span class='ocrx_word' id='word_1_183' title='bbox 1084 2219 1116 2266; x_wconf 83' lang='lat'><strong>21</strong></span> <span class='ocrx_word' id='word_1_184' title='bbox 1134 2216 1204 2266; x_wconf 85' lang='lat' dir='ltr'><strong>hano</strong></span> <span class='ocrx_word' id='word_1_185' title='bbox 1222 2231 1283 2266; x_wconf 87' lang='lat' dir='ltr'><strong>ma·</strong></span> 
     </span>
     <span class='ocr_line' id='line_1_24' title="bbox 197 2277 1284 2350; baseline 0.001 -15"><span class='ocrx_word' id='word_1_186' title='bbox 197 2284 262 2350; x_wconf 78' lang='lat' dir='ltr'><strong>(etr.</strong></span> <span class='ocrx_word' id='word_1_187' title='bbox 270 2282 363 2334; x_wconf 86' lang='lat' dir='ltr'><strong>Metal.</strong></span> <span class='ocrx_word' id='word_1_188' title='bbox 376 2279 413 2346; x_wconf 89' lang='lat'><strong>11,</strong></span> <span class='ocrx_word' id='word_1_189' title='bbox 423 2277 464 2345; x_wconf 81' lang='lat'><strong>10)</strong></span> <span class='ocrx_word' id='word_1_190' title='bbox 483 2295 571 2346; x_wconf 83' lang='lat' dir='ltr'><strong>neque</strong></span> <span class='ocrx_word' id='word_1_191' title='bbox 592 2287 648 2344; x_wconf 88' lang='lat' dir='ltr'><strong>est,</strong></span> <span class='ocrx_word' id='word_1_192' title='bbox 667 2296 716 2334; x_wconf 84' lang='lat' dir='ltr'><strong>our</strong></span> <span class='ocrx_word' id='word_1_193' title='bbox 764 2278 841 2350; x_wconf 73' lang='lat' dir='ltr'><strong>gistri</strong></span> <span class='ocrx_word' id='word_1_194' title='bbox 863 2281 904 2336; x_wconf 90' lang='lat' dir='ltr'><strong>sni</strong></span> <span class='ocrx_word' id='word_1_195' title='bbox 921 2282 1076 2348; x_wconf 81' lang='lat' dir='ltr'><strong>opinionem</strong></span> <span class='ocrx_word' id='word_1_196' title='bbox 1094 2286 1165 2338; x_wconf 83' lang='lat' dir='ltr'><strong>hond</strong></span> <span class='ocrx_word' id='word_1_197' title='bbox 1182 2283 1284 2337; x_wconf 85' lang='lat' dir='ltr'><strong>leviter</strong></span> 
     </span>
     <span class='ocr_line' id='line_1_25' title="bbox 198 2347 1283 2423; baseline -0.003 -18"><span class='ocrx_word' id='word_1_198' title='bbox 198 2348 281 2423; x_wconf 82' lang='lat' dir='ltr'><strong>neges</strong></span> <span class='ocrx_word' id='word_1_199' title='bbox 296 2350 354 2403; x_wconf 89' lang='lat' dir='ltr'><strong>eius</strong></span> <span class='ocrx_word' id='word_1_200' title='bbox 370 2348 528 2401; x_wconf 88' lang='lat' dir='ltr'><strong>seutentiam</strong></span> <span class='ocrx_word' id='word_1_201' title='bbox 544 2347 646 2400; x_wconf 87' lang='lat' dir='ltr'><strong>interea</strong></span> <span class='ocrx_word' id='word_1_202' title='bbox 664 2365 716 2416; x_wconf 88' lang='lat' dir='ltr'><strong>po·</strong></span> <span class='ocrx_word' id='word_1_203' title='bbox 765 2350 902 2416; x_wconf 75' lang='lat' dir='ltr'><strong>carpserit.</strong></span> <span class='ocrx_word' id='word_1_204' title='bbox 939 2353 1024 2403; x_wconf 86' lang='lat' dir='ltr'><strong>Multo</strong></span> <span class='ocrx_word' id='word_1_205' title='bbox 1043 2353 1188 2420; x_wconf 87' lang='lat' dir='ltr'><strong>disputavit</strong></span> <span class='ocrx_word' id='word_1_206' title='bbox 1206 2355 1283 2404; x_wconf 74' lang='lat' dir='ltr'><strong>Buli-</strong></span> 
     </span>
     <span class='ocr_line' id='line_1_26' title="bbox 198 2417 1284 2488; baseline 0 -16"><span class='ocrx_word' id='word_1_207' title='bbox 198 2422 281 2472; x_wconf 86' lang='lat' dir='ltr'><strong>tuisse</strong></span> <span class='ocrx_word' id='word_1_208' title='bbox 302 2418 411 2470; x_wconf 86' lang='lat' dir='ltr'><strong>mutari:</strong></span> <span class='ocrx_word' id='word_1_209' title='bbox 435 2418 565 2484; x_wconf 82' lang='lat' dir='ltr'><strong>denique.</strong></span> <span class='ocrx_word' id='word_1_210' title='bbox 590 2417 715 2483; x_wconf 83' lang='lat' dir='ltr'><strong>qnoniam</strong></span> <span class='ocrx_word' id='word_1_211' title='bbox 766 2421 814 2468; x_wconf 79' lang='lat' dir='ltr'><strong>llus</strong></span> <span class='ocrx_word' id='word_1_212' title='bbox 836 2419 933 2472; x_wconf 87' lang='lat' dir='ltr'><strong>Gesch.</strong></span> <span class='ocrx_word' id='word_1_213' title='bbox 957 2423 1005 2472; x_wconf 89' lang='lat' dir='ltr'><strong>der</strong></span> <span class='ocrx_word' id='word_1_214' title='bbox 1023 2437 1124 2473; x_wconf 88' lang='lat' dir='ltr'><strong>nenern</strong></span> <span class='ocrx_word' id='word_1_215' title='bbox 1145 2423 1193 2473; x_wconf 85' lang='lat' dir='ltr'><strong>Ph.</strong></span> <span class='ocrx_word' id='word_1_216' title='bbox 1213 2423 1233 2472; x_wconf 90' lang='lat'><strong>1.</strong></span> <span class='ocrx_word' id='word_1_217' title='bbox 1255 2439 1284 2488; x_wconf 87' lang='lat' dir='ltr'><strong>p.</strong></span> 
     </span>
     <span class='ocr_line' id='line_1_27' title="bbox 199 2486 1283 2558; baseline 0.004 -16"><span class='ocrx_word' id='word_1_218' title='bbox 199 2505 328 2556; x_wconf 78' lang='lat' dir='ltr'><strong>expresse</strong></span> <span class='ocrx_word' id='word_1_219' title='bbox 347 2488 513 2540; x_wconf 85' lang='lat' dir='ltr'><strong>Abaelsrdus</strong></span> <span class='ocrx_word' id='word_1_220' title='bbox 529 2486 658 2550; x_wconf 81' lang='lat' dir='ltr'><strong>-monntt,</strong></span> <span class='ocrx_word' id='word_1_221' title='bbox 682 2487 715 2538; x_wconf 88' lang='lat' dir='ltr'><strong>de</strong></span> <span class='ocrx_word' id='word_1_222' title='bbox 765 2488 816 2540; x_wconf 79' lang='lat'><strong>839</strong></span> <span class='ocrx_word' id='word_1_223' title='bbox 829 2503 887 2558; x_wconf 83' lang='lat' dir='ltr'><strong>sqq.</strong></span> <span class='ocrx_word' id='word_1_224' title='bbox 923 2491 955 2542; x_wconf 89' lang='lat' dir='ltr'><strong>In</strong></span> <span class='ocrx_word' id='word_1_225' title='bbox 974 2491 1102 2542; x_wconf 80' lang='lat' dir='ltr'><strong>tantsrei</strong></span> <span class='ocrx_word' id='word_1_226' title='bbox 1119 2491 1283 2546; x_wconf 76' lang='lat' dir='ltr'><strong>obscuritate</strong></span> 
     </span>
     <span class='ocr_line' id='line_1_28' title="bbox 200 2551 1283 2626; baseline 0 -16"><span class='ocrx_word' id='word_1_227' title='bbox 200 2557 390 2610; x_wconf 84' lang='lat' dir='ltr'><strong>communitate</strong></span> <span class='ocrx_word' id='word_1_228' title='bbox 403 2551 593 2607; x_wconf 82' lang='lat' dir='ltr'><strong>universalium</strong></span> <span class='ocrx_word' id='word_1_229' title='bbox 612 2553 717 2620; x_wconf 90' lang='lat' dir='ltr'><strong>discep-</strong></span> <span class='ocrx_word' id='word_1_230' title='bbox 764 2554 879 2608; x_wconf 88' lang='lat' dir='ltr'><strong>libenter</strong></span> <span class='ocrx_word' id='word_1_231' title='bbox 911 2561 1049 2626; x_wconf 78' lang='lat' dir='ltr'><strong>amplexus</strong></span> <span class='ocrx_word' id='word_1_232' title='bbox 1079 2576 1137 2610; x_wconf 89' lang='lat' dir='ltr'><strong>sum</strong></span> <span class='ocrx_word' id='word_1_233' title='bbox 1171 2568 1283 2611; x_wconf 86' lang='lat' dir='ltr'><strong>senten-</strong></span> 
     </span>
     <span class='ocr_line' id='line_1_29' title="bbox 199 2621 1284 2694; baseline 0.006 -19"><span class='ocrx_word' id='word_1_234' title='bbox 199 2633 282 2676; x_wconf 78' lang='lat' dir='ltr'><strong>tntum</strong></span> <span class='ocrx_word' id='word_1_235' title='bbox 306 2624 408 2687; x_wconf 83' lang='lat' dir='ltr'><strong>luisse,</strong></span> <span class='ocrx_word' id='word_1_236' title='bbox 426 2624 509 2692; x_wconf 86' lang='lat' dir='ltr'><strong>magis</strong></span> <span class='ocrx_word' id='word_1_237' title='bbox 529 2625 560 2671; x_wconf 84' lang='lat' dir='ltr'><strong>ad</strong></span> <span class='ocrx_word' id='word_1_238' title='bbox 580 2621 717 2688; x_wconf 79' lang='lat' dir='ltr'><strong>‹preestio-</strong></span> <span class='ocrx_word' id='word_1_239' title='bbox 765 2622 847 2689; x_wconf 72' lang='lat' dir='ltr'><strong>naui,</strong></span> <span class='ocrx_word' id='word_1_240' title='bbox 867 2643 944 2692; x_wconf 81' lang='lat' dir='ltr'><strong>‹prern</strong></span> <span class='ocrx_word' id='word_1_241' title='bbox 962 2635 1023 2694; x_wconf 87' lang='lat' dir='ltr'><strong>post</strong></span> <span class='ocrx_word' id='word_1_242' title='bbox 1043 2631 1153 2679; x_wconf 83' lang='lat' dir='ltr'><strong>Cromeri</strong></span> <span class='ocrx_word' id='word_1_243' title='bbox 1169 2627 1284 2692; x_wconf 88' lang='lat' dir='ltr'><strong>(Forts.</strong></span> 
     </span>
     <span class='ocr_line' id='line_1_30' title="bbox 201 2690 1284 2764; baseline 0 -16"><span class='ocrx_word' id='word_1_244' title='bbox 201 2711 263 2748; x_wconf 80' lang='lat' dir='ltr'><strong>uem</strong></span> <span class='ocrx_word' id='word_1_245' title='bbox 278 2694 312 2744; x_wconf 91' lang='lat' dir='ltr'><strong>de</strong></span> <span class='ocrx_word' id='word_1_246' title='bbox 327 2693 408 2742; x_wconf 87' lang='lat' dir='ltr'><strong>modo</strong></span> <span class='ocrx_word' id='word_1_247' title='bbox 418 2728 431 2754; x_wconf 74' lang='grc'><strong>,,</strong></span> <span class='ocrx_word' id='word_1_248' title='bbox 447 2706 500 2758; x_wconf 87' lang='lat' dir='ltr'><strong>qno</strong></span> <span class='ocrx_word' id='word_1_249' title='bbox 510 2690 623 2757; x_wconf 82' lang='lat' dir='ltr'><strong>singulis</strong></span> <span class='ocrx_word' id='word_1_250' title='bbox 637 2692 716 2742; x_wconf 85' lang='lat' dir='ltr'><strong>rebus</strong></span> <span class='ocrx_word' id='word_1_251' title='bbox 766 2709 791 2744; x_wconf 84' lang='lat' dir='ltr'><strong>z.</strong></span> <span class='ocrx_word' id='word_1_252' title='bbox 812 2695 870 2746; x_wconf 83' lang='lat' dir='ltr'><strong>Bes.</strong></span> <span class='ocrx_word' id='word_1_253' title='bbox 890 2695 923 2745; x_wconf 78' lang='lat' dir='ltr'><strong>V.</strong></span> <span class='ocrx_word' id='word_1_254' title='bbox 941 2693 1009 2760; x_wconf 78' lang='grc'>411)</span> <span class='ocrx_word' id='word_1_255' title='bbox 1035 2699 1166 2764; x_wconf 82' lang='lat' dir='ltr'><strong>qrrendam</strong></span> <span class='ocrx_word' id='word_1_256' title='bbox 1185 2696 1284 2749; x_wconf 84' lang='lat' dir='ltr'><strong>antici-</strong></span> 
     </span>
     <span class='ocr_line' id='line_1_31' title="bbox 201 2758 1284 2833; baseline 0.002 -18"><span class='ocrx_word' id='word_1_257' title='bbox 201 2763 337 2826; x_wconf 85' lang='lat' dir='ltr'><strong>inessent,</strong></span> <span class='ocrx_word' id='word_1_258' title='bbox 362 2777 440 2827; x_wconf 83' lang='lat' dir='ltr'><strong>quern</strong></span> <span class='ocrx_word' id='word_1_259' title='bbox 464 2761 496 2810; x_wconf 95' lang='lat' dir='ltr'><strong>ad</strong></span> <span class='ocrx_word' id='word_1_260' title='bbox 518 2758 603 2823; x_wconf 85' lang='lat' dir='ltr'><strong>ipsum</strong></span> <span class='ocrx_word' id='word_1_261' title='bbox 623 2774 716 2810; x_wconf 89' lang='lat' dir='ltr'><strong>eorum</strong></span> <span class='ocrx_word' id='word_1_262' title='bbox 767 2762 901 2828; x_wconf 86' lang='lat' dir='ltr'><strong>petionem</strong></span> <span class='ocrx_word' id='word_1_263' title='bbox 925 2764 1040 2830; x_wconf 82' lang='lat' dir='ltr'><strong>praeivit</strong></span> <span class='ocrx_word' id='word_1_264' title='bbox 1066 2768 1185 2817; x_wconf 85' lang='lat' dir='ltr'><strong>Neonder</strong></span> <span class='ocrx_word' id='word_1_265' title='bbox 1214 2766 1284 2833; x_wconf 88' lang='lat' dir='ltr'><strong>(der</strong></span> 
     </span>
     <span class='ocr_line' id='line_1_32' title="bbox 200 2827 1284 2898; baseline 0.002 -14"><span class='ocrx_word' id='word_1_266' title='bbox 200 2841 321 2884; x_wconf 79' lang='lat' dir='ltr'><strong>naturam</strong></span> <span class='ocrx_word' id='word_1_267' title='bbox 333 2827 418 2881; x_wconf 86' lang='lat' dir='ltr'><strong>omnis</strong></span> <span class='ocrx_word' id='word_1_268' title='bbox 428 2827 565 2880; x_wconf 86' lang='lat' dir='ltr'><strong>contentio</strong></span> <span class='ocrx_word' id='word_1_269' title='bbox 576 2829 716 2880; x_wconf 83' lang='lat' dir='ltr'><strong>referenda</strong></span> <span class='ocrx_word' id='word_1_270' title='bbox 765 2831 790 2882; x_wconf 83' lang='lat' dir='ltr'><strong>h.</strong></span> <span class='ocrx_word' id='word_1_271' title='bbox 804 2832 902 2882; x_wconf 79' lang='lat' dir='ltr'><strong>Bernlt.</strong></span> <span class='ocrx_word' id='word_1_272' title='bbox 923 2849 948 2898; x_wconf 88' lang='lat' dir='ltr'><strong>p.</strong></span> <span class='ocrx_word' id='word_1_273' title='bbox 962 2836 1035 2896; x_wconf 72' lang='lat'><strong>218).</strong></span> <span class='ocrx_word' id='word_1_274' title='bbox 1064 2834 1187 2887; x_wconf 85' lang='lat' dir='ltr'><strong>Assensit</strong></span> <span class='ocrx_word' id='word_1_275' title='bbox 1204 2838 1284 2886; x_wconf 80' lang='lat' dir='ltr'><strong>Lleb-</strong></span> 
     </span>
     <span class='ocr_line' id='line_1_33' title="bbox 198 2897 1282 2972; baseline 0 -19"><span class='ocrx_word' id='word_1_276' title='bbox 198 2901 316 2958; x_wconf 75' lang='lat' dir='ltr'><strong>uidetur.</strong></span> <span class='ocrx_word' id='word_1_277' title='bbox 345 2899 459 2950; x_wconf 86' lang='lat' dir='ltr'><strong>loenneo</strong></span> <span class='ocrx_word' id='word_1_278' title='bbox 475 2897 558 2970; x_wconf 81' lang='lat' dir='ltr'><strong>igitur</strong></span> <span class='ocrx_word' id='word_1_279' title='bbox 575 2897 716 2964; x_wconf 76' lang='lat' dir='ltr'><strong>praecipue</strong></span> <span class='ocrx_word' id='word_1_280' title='bbox 764 2917 839 2950; x_wconf 78' lang='lat' dir='ltr'><strong>aeres</strong></span> <span class='ocrx_word' id='word_1_281' title='bbox 854 2903 947 2970; x_wconf 82' lang='lat' dir='ltr'><strong>(Hngo</strong></span> <span class='ocrx_word' id='word_1_282' title='bbox 961 2917 1017 2955; x_wconf 84' lang='lat' dir='ltr'><strong>ron</strong></span> <span class='ocrx_word' id='word_1_283' title='bbox 1033 2904 1060 2956; x_wconf 89' lang='lat' dir='ltr'><strong>S.</strong></span> <span class='ocrx_word' id='word_1_284' title='bbox 1073 2904 1108 2956; x_wconf 90' lang='lat' dir='ltr'><strong>V.</strong></span> <span class='ocrx_word' id='word_1_285' title='bbox 1127 2923 1153 2972; x_wconf 92' lang='lat' dir='ltr'><strong>p.</strong></span> <span class='ocrx_word' id='word_1_286' title='bbox 1169 2903 1282 2970; x_wconf 80' lang='lat' dir='ltr'><strong>102n.)‚</strong></span> 
     </span>
    </p>
   </div>
   <div class='ocr_carea' id='block_1_4' title="bbox 1384 2291 1389 2851">
    <p class='ocr_par' dir='ltr' id='par_1_4' title="bbox 1384 2291 1389 2851">
     <span class='ocr_line' id='line_1_34' title="bbox 1384 2291 1389 2851; baseline 0 0"><span class='ocrx_word' id='word_1_287' title='bbox 1384 2291 1389 2851; x_wconf 95' lang='lat' dir='ltr'><strong> </strong></span> 
     </span>
    </p>
   </div>
   <div class='ocr_carea' id='block_1_5' title="bbox 200 2967 1384 3038">
    <p class='ocr_par' dir='ltr' id='par_1_5' title="bbox 200 2967 1384 3038">
     <span class='ocr_line' id='line_1_35' title="bbox 200 2967 1384 3038; baseline 0.002 -16"><span class='ocrx_word' id='word_1_288' title='bbox 200 2971 349 3023; x_wconf 84' lang='lat' dir='ltr'><strong>andiendus</strong></span> <span class='ocrx_word' id='word_1_289' title='bbox 367 2975 422 3033; x_wconf 81' lang='lat' dir='ltr'><strong>est,</strong></span> <span class='ocrx_word' id='word_1_290' title='bbox 444 2967 488 3034; x_wconf 73' lang='lat' dir='ltr'><strong>«pri</strong></span> <span class='ocrx_word' id='word_1_291' title='bbox 501 2967 641 3024; x_wconf 5' lang='lat' dir='ltr'><strong>beecplere</strong></span> <span class='ocrx_word' id='word_1_292' title='bbox 660 2977 716 3017; x_wconf 86' lang='lat' dir='ltr'><strong>tre·</strong></span> <span class='ocrx_word' id='word_1_293' title='bbox 765 2972 880 3036; x_wconf 85' lang='lat' dir='ltr'><strong>paullum</strong></span> <span class='ocrx_word' id='word_1_294' title='bbox 892 2971 1016 3023; x_wconf 85' lang='lat' dir='ltr'><strong>dissensit</strong></span> <span class='ocrx_word' id='word_1_295' title='bbox 1028 2976 1284 3038; x_wconf 77' lang='lat' dir='ltr'><strong>Bsumgorten-Grrs·</strong></span> <span class='ocrx_word' id='word_1_296' title='bbox 1383 2979 1384 2992; x_wconf 66' lang='lat'>¹</span> 
     </span>
    </p>
   </div>
   <div class='ocr_carea' id='block_1_6' title="bbox 198 3035 1285 4002">
    <p class='ocr_par' dir='ltr' id='par_1_6' title="bbox 199 3035 1283 3312">
     <span class='ocr_line' id='line_1_36' title="bbox 199 3035 1283 3103; baseline 0.003 -12"><span class='ocrx_word' id='word_1_297' title='bbox 199 3039 254 3091; x_wconf 89' lang='lat' dir='ltr'><strong>dit:</strong></span> <span class='ocrx_word' id='word_1_298' title='bbox 274 3053 333 3091; x_wconf 83' lang='lat' dir='ltr'><strong>esse</strong></span> <span class='ocrx_word' id='word_1_299' title='bbox 352 3046 406 3089; x_wconf 89' lang='lat' dir='ltr'><strong>tres</strong></span> <span class='ocrx_word' id='word_1_300' title='bbox 424 3035 596 3088; x_wconf 80' lang='lat' dir='ltr'><strong>nominalium</strong></span> <span class='ocrx_word' id='word_1_301' title='bbox 608 3042 716 3087; x_wconf 87' lang='lat' dir='ltr'><strong>senten·</strong></span> <span class='ocrx_word' id='word_1_302' title='bbox 764 3043 816 3088; x_wconf 80' lang='lat' dir='ltr'><strong>sios</strong></span> <span class='ocrx_word' id='word_1_303' title='bbox 838 3039 891 3103; x_wconf 92' lang='lat' dir='ltr'><strong>(de</strong></span> <span class='ocrx_word' id='word_1_304' title='bbox 913 3056 979 3093; x_wconf 87' lang='lat' dir='ltr'><strong>vero</strong></span> <span class='ocrx_word' id='word_1_305' title='bbox 998 3041 1130 3094; x_wconf 83' lang='lat' dir='ltr'><strong>Scholast.</strong></span> <span class='ocrx_word' id='word_1_306' title='bbox 1151 3043 1226 3093; x_wconf 86' lang='lat' dir='ltr'><strong>Reol.</strong></span> <span class='ocrx_word' id='word_1_307' title='bbox 1253 3049 1283 3094; x_wconf 75' lang='lat' dir='ltr'><strong>et</strong></span> 
     </span>
     <span class='ocr_line' id='line_1_37' title="bbox 199 3105 1282 3180; baseline 0.002 -20"><span class='ocrx_word' id='word_1_308' title='bbox 199 3113 268 3174; x_wconf 82' lang='lat' dir='ltr'><strong>ties,</strong></span> <span class='ocrx_word' id='word_1_309' title='bbox 297 3123 409 3175; x_wconf 86' lang='lat' dir='ltr'><strong>quarum</strong></span> <span class='ocrx_word' id='word_1_310' title='bbox 439 3121 510 3170; x_wconf 78' lang='lat' dir='ltr'><strong>nne,</strong></span> <span class='ocrx_word' id='word_1_311' title='bbox 541 3105 715 3175; x_wconf 74' lang='lat' dir='ltr'><strong>antesignano</strong></span> <span class='ocrx_word' id='word_1_312' title='bbox 764 3107 843 3158; x_wconf 75' lang='lat' dir='ltr'><strong>Nom.</strong></span> <span class='ocrx_word' id='word_1_313' title='bbox 861 3106 1022 3163; x_wconf 87' lang='lat' dir='ltr'><strong>discrimine.</strong></span> <span class='ocrx_word' id='word_1_314' title='bbox 1034 3128 1062 3177; x_wconf 81' lang='lat' dir='ltr'><strong>p·</strong></span> <span class='ocrx_word' id='word_1_315' title='bbox 1075 3112 1123 3177; x_wconf 84' lang='lat'><strong>16,</strong></span> <span class='ocrx_word' id='word_1_316' title='bbox 1140 3110 1185 3180; x_wconf 81' lang='lat' dir='ltr'><strong>qui</strong></span> <span class='ocrx_word' id='word_1_317' title='bbox 1202 3111 1282 3163; x_wconf 80' lang='lat' dir='ltr'><strong>leons</strong></span> 
     </span>
     <span class='ocr_line' id='line_1_38' title="bbox 199 3173 1283 3248; baseline 0.003 -17"><span class='ocrx_word' id='word_1_318' title='bbox 199 3177 360 3240; x_wconf 82' lang='lat' dir='ltr'><strong>Rosoelino‚</strong></span> <span class='ocrx_word' id='word_1_319' title='bbox 387 3179 416 3226; x_wconf 88' lang='lat' dir='ltr'><strong>in</strong></span> <span class='ocrx_word' id='word_1_320' title='bbox 441 3175 553 3227; x_wconf 85' lang='lat' dir='ltr'><strong>vocibus</strong></span> <span class='ocrx_word' id='word_1_321' title='bbox 576 3173 715 3238; x_wconf 83' lang='lat' dir='ltr'><strong>consistat,</strong></span> <span class='ocrx_word' id='word_1_322' title='bbox 764 3191 819 3226; x_wconf 91' lang='lat' dir='ltr'><strong>non</strong></span> <span class='ocrx_word' id='word_1_323' title='bbox 840 3177 968 3242; x_wconf 87' lang='lat' dir='ltr'><strong>repetitus</strong></span> <span class='ocrx_word' id='word_1_324' title='bbox 982 3187 1033 3232; x_wconf 80' lang='lat' dir='ltr'><strong>est</strong></span> <span class='ocrx_word' id='word_1_325' title='bbox 1052 3179 1081 3230; x_wconf 88' lang='lat' dir='ltr'><strong>in</strong></span> <span class='ocrx_word' id='word_1_326' title='bbox 1103 3179 1138 3232; x_wconf 88' lang='lat' dir='ltr'><strong>ei.</strong></span> <span class='ocrx_word' id='word_1_327' title='bbox 1161 3195 1283 3248; x_wconf 85' lang='lat' dir='ltr'><strong>opuseu-</strong></span> 
     </span>
     <span class='ocr_line' id='line_1_39' title="bbox 200 3244 1001 3312; baseline 0.001 -14"><span class='ocrx_word' id='word_1_328' title='bbox 200 3247 284 3298; x_wconf 81' lang='lat' dir='ltr'><strong>altera</strong></span> <span class='ocrx_word' id='word_1_329' title='bbox 309 3259 446 3296; x_wconf 86' lang='lat' dir='ltr'><strong>sermones</strong></span> <span class='ocrx_word' id='word_1_330' title='bbox 473 3244 608 3294; x_wconf 84' lang='lat' dir='ltr'><strong>intueatur</strong></span> <span class='ocrx_word' id='word_1_331' title='bbox 631 3250 658 3293; x_wconf 86' lang='lat' dir='ltr'><strong>et</strong></span> <span class='ocrx_word' id='word_1_332' title='bbox 681 3244 715 3293; x_wconf 86' lang='lat' dir='ltr'><strong>ed</strong></span> <span class='ocrx_word' id='word_1_333' title='bbox 763 3244 797 3295; x_wconf 90' lang='lat' dir='ltr'><strong>lis</strong></span> <span class='ocrx_word' id='word_1_334' title='bbox 814 3245 919 3312; x_wconf 71' lang='lat' dir='ltr'><strong>theol).</strong></span> <span class='ocrx_word' id='word_1_335' title='bbox 998 3264 1001 3268; x_wconf 65' lang='grc'>’</span> 
     </span>
    </p>

    <p class='ocr_par' dir='ltr' id='par_1_7' title="bbox 199 3310 715 3379">
     <span class='ocr_line' id='line_1_40' title="bbox 199 3310 715 3379; baseline -0.008 -11"><span class='ocrx_word' id='word_1_336' title='bbox 199 3315 262 3368; x_wconf 82' lang='lat' dir='ltr'><strong>illos</strong></span> <span class='ocrx_word' id='word_1_337' title='bbox 280 3315 450 3378; x_wconf 81' lang='lat' dir='ltr'><strong>detorquear,</strong></span> <span class='ocrx_word' id='word_1_338' title='bbox 474 3311 599 3379; x_wconf 84' lang='lat' dir='ltr'><strong>quicquid</strong></span> <span class='ocrx_word' id='word_1_339' title='bbox 617 3310 715 3364; x_wconf 78' lang='lat' dir='ltr'><strong>alicubi</strong></span> 
     </span>
    </p>

    <p class='ocr_par' dir='ltr' id='par_1_8' title="bbox 198 3379 1285 4002">
     <span class='ocr_line' id='line_1_41' title="bbox 201 3379 1284 3451; baseline 0.002 -18"><span class='ocrx_word' id='word_1_340' title='bbox 201 3385 234 3434; x_wconf 90' lang='lat' dir='ltr'><strong>de</strong></span> <span class='ocrx_word' id='word_1_341' title='bbox 259 3380 452 3433; x_wconf 81' lang='lat' dir='ltr'><strong>universalibus</strong></span> <span class='ocrx_word' id='word_1_342' title='bbox 475 3379 624 3433; x_wconf 87' lang='lat' dir='ltr'><strong>meminerit</strong></span> <span class='ocrx_word' id='word_1_343' title='bbox 648 3379 715 3432; x_wconf 86' lang='lat' dir='ltr'><strong>scri-</strong></span> <span class='ocrx_word' id='word_1_344' title='bbox 793 3379 861 3446; x_wconf 80' lang='grc' dir='ltr'><strong>Ι38)</strong></span> <span class='ocrx_word' id='word_1_345' title='bbox 883 3382 980 3451; x_wconf 83' lang='lat' dir='ltr'><strong>„Quae</strong></span> <span class='ocrx_word' id='word_1_346' title='bbox 997 3381 1118 3448; x_wconf 87' lang='lat' dir='ltr'><strong>superius</strong></span> <span class='ocrx_word' id='word_1_347' title='bbox 1137 3399 1173 3434; x_wconf 82' lang='lat' dir='ltr'><strong>ex</strong></span> <span class='ocrx_word' id='word_1_348' title='bbox 1190 3382 1284 3450; x_wconf 87' lang='lat' dir='ltr'><strong>philo-</strong></span> 
     </span>
     <span class='ocr_line' id='line_1_42' title="bbox 200 3447 1283 3522; baseline 0.004 -22"><span class='ocrx_word' id='word_1_349' title='bbox 200 3457 289 3522; x_wconf 80' lang='lat' dir='ltr'><strong>ptnm3</strong></span> <span class='ocrx_word' id='word_1_350' title='bbox 309 3448 390 3502; x_wconf 86' lang='lat' dir='ltr'><strong>tertie</strong></span> <span class='ocrx_word' id='word_1_351' title='bbox 410 3448 437 3500; x_wconf 87' lang='lat' dir='ltr'><strong>in</strong></span> <span class='ocrx_word' id='word_1_352' title='bbox 458 3447 635 3502; x_wconf 86' lang='lat' dir='ltr'><strong>intellectibus</strong></span> <span class='ocrx_word' id='word_1_353' title='bbox 652 3463 715 3500; x_wconf 83' lang='lat' dir='ltr'><strong>ver·</strong></span> <span class='ocrx_word' id='word_1_354' title='bbox 763 3447 876 3516; x_wconf 84' lang='lat' dir='ltr'><strong>„sophis</strong></span> <span class='ocrx_word' id='word_1_355' title='bbox 904 3451 1001 3522; x_wconf 85' lang='lat' dir='ltr'><strong>collegi</strong></span> <span class='ocrx_word' id='word_1_356' title='bbox 1026 3451 1192 3518; x_wconf 85' lang='lat' dir='ltr'><strong>testimonie,</strong></span> <span class='ocrx_word' id='word_1_357' title='bbox 1222 3465 1283 3504; x_wconf 88' lang='lat' dir='ltr'><strong>non</strong></span> 
     </span>
     <span class='ocr_line' id='line_1_43' title="bbox 200 3515 1284 3586; baseline 0.002 -16"><span class='ocrx_word' id='word_1_358' title='bbox 200 3528 279 3572; x_wconf 77' lang='lat' dir='ltr'><strong>setar</strong></span> <span class='ocrx_word' id='word_1_359' title='bbox 306 3518 336 3570; x_wconf 82' lang='lat' dir='ltr'><strong>lu</strong></span> <span class='ocrx_word' id='word_1_360' title='bbox 348 3520 431 3572; x_wconf 70' lang='lat' dir='ltr'><strong>altera</strong></span> <span class='ocrx_word' id='word_1_361' title='bbox 445 3519 639 3585; x_wconf 80' lang='lat' dir='ltr'><strong>deprehensum</strong></span> <span class='ocrx_word' id='word_1_362' title='bbox 651 3515 715 3570; x_wconf 88' lang='lat' dir='ltr'><strong>dieit</strong></span> <span class='ocrx_word' id='word_1_363' title='bbox 765 3533 821 3583; x_wconf 83' lang='lat' dir='ltr'><strong>„ex</strong></span> <span class='ocrx_word' id='word_1_364' title='bbox 845 3534 938 3571; x_wconf 80' lang='lat' dir='ltr'><strong>eornm</strong></span> <span class='ocrx_word' id='word_1_365' title='bbox 962 3518 1081 3586; x_wconf 83' lang='lat' dir='ltr'><strong>scriptis,</strong></span> <span class='ocrx_word' id='word_1_366' title='bbox 1107 3537 1176 3586; x_wconf 83' lang='lat' dir='ltr'><strong>qnae</strong></span> <span class='ocrx_word' id='word_1_367' title='bbox 1202 3535 1284 3572; x_wconf 84' lang='lat' dir='ltr'><strong>nnn-</strong></span> 
     </span>
     <span class='ocr_line' id='line_1_44' title="bbox 199 3587 1284 3656; baseline 0.001 -16"><span class='ocrx_word' id='word_1_368' title='bbox 199 3587 404 3656; x_wconf 84' lang='lat' dir='ltr'><strong>Peripateticum</strong></span> <span class='ocrx_word' id='word_1_369' title='bbox 429 3587 586 3640; x_wconf 76' lang='lat' dir='ltr'><strong>Palatinum.</strong></span> <span class='ocrx_word' id='word_1_370' title='bbox 622 3587 715 3654; x_wconf 84' lang='lat' dir='ltr'><strong>ltaque</strong></span> <span class='ocrx_word' id='word_1_371' title='bbox 765 3603 864 3655; x_wconf 75' lang='lat' dir='ltr'><strong>„sptem</strong></span> <span class='ocrx_word' id='word_1_372' title='bbox 877 3588 1059 3642; x_wconf 76' lang='lat' dir='ltr'><strong>tonsssevidi</strong></span> <span class='ocrx_word' id='word_1_373' title='bbox 1079 3589 1284 3656; x_wconf 71' lang='lat' dir='ltr'><strong>(Intnquorum</strong></span> 
     </span>
     <span class='ocr_line' id='line_1_45' title="bbox 199 3654 1283 3722; baseline 0.003 -13"><span class='ocrx_word' id='word_1_374' title='bbox 199 3659 356 3722; x_wconf 66' lang='lat' dir='ltr'><strong>manifeste,</strong></span> <span class='ocrx_word' id='word_1_375' title='bbox 390 3655 441 3707; x_wconf 85' lang='lat' dir='ltr'><strong>etsi</strong></span> <span class='ocrx_word' id='word_1_376' title='bbox 470 3671 526 3707; x_wconf 89' lang='lat' dir='ltr'><strong>non</strong></span> <span class='ocrx_word' id='word_1_377' title='bbox 548 3654 611 3707; x_wconf 84' lang='lat' dir='ltr'><strong>setis</strong></span> <span class='ocrx_word' id='word_1_378' title='bbox 642 3657 715 3707; x_wconf 88' lang='lat' dir='ltr'><strong>clare</strong></span> <span class='ocrx_word' id='word_1_379' title='bbox 764 3672 868 3721; x_wconf 83' lang='lat' dir='ltr'><strong>„peuce</strong></span> <span class='ocrx_word' id='word_1_380' title='bbox 885 3657 971 3722; x_wconf 86' lang='lat' dir='ltr'><strong>novi)</strong></span> <span class='ocrx_word' id='word_1_381' title='bbox 992 3658 1075 3709; x_wconf 82' lang='lat' dir='ltr'><strong>immo</strong></span> <span class='ocrx_word' id='word_1_382' title='bbox 1096 3675 1132 3710; x_wconf 85' lang='lat' dir='ltr'><strong>ex</strong></span> <span class='ocrx_word' id='word_1_383' title='bbox 1148 3657 1224 3710; x_wconf 92' lang='lat' dir='ltr'><strong>libris</strong></span> <span class='ocrx_word' id='word_1_384' title='bbox 1244 3659 1283 3712; x_wconf 89' lang='lat' dir='ltr'><strong>B.</strong></span> 
     </span>
     <span class='ocr_line' id='line_1_46' title="bbox 198 3725 1285 3795; baseline 0.002 -17"><span class='ocrx_word' id='word_1_385' title='bbox 198 3727 359 3790; x_wconf 55' lang='lat' dir='ltr'><strong>(submissior</strong></span> <span class='ocrx_word' id='word_1_386' title='bbox 377 3725 516 3777; x_wconf 68' lang='lat' dir='ltr'><strong>etiamst</strong></span> <span class='ocrx_word' id='word_1_387' title='bbox 535 3725 610 3776; x_wconf 85' lang='lat' dir='ltr'><strong>locus</strong></span> <span class='ocrx_word' id='word_1_388' title='bbox 628 3725 715 3788; x_wconf 80' lang='lat' dir='ltr'><strong>paral·</strong></span> <span class='ocrx_word' id='word_1_389' title='bbox 763 3725 925 3795; x_wconf 78' lang='lat' dir='ltr'><strong>„Augustini</strong></span> <span class='ocrx_word' id='word_1_390' title='bbox 948 3725 1034 3793; x_wconf 71' lang='lat' dir='ltr'><strong>(latr.</strong></span> <span class='ocrx_word' id='word_1_391' title='bbox 1060 3735 1285 3794; x_wconf 58' lang='lat' dir='ltr'><strong>sanctoruni‘ps-</strong></span> 
     </span>
     <span class='ocr_line' id='line_1_47' title="bbox 199 3791 1282 3865; baseline 0.002 -20"><span class='ocrx_word' id='word_1_392' title='bbox 199 3795 412 3850; x_wconf 83' lang='lat' dir='ltr'><strong>lelusl’olicrat.</strong></span> <span class='ocrx_word' id='word_1_393' title='bbox 432 3791 715 3860; x_wconf 79' lang='lat' dir='ltr'><strong>V11‚12.p.386ed.</strong></span> <span class='ocrx_word' id='word_1_394' title='bbox 763 3796 868 3858; x_wconf 76' lang='lat' dir='ltr'><strong>„truml</strong></span> <span class='ocrx_word' id='word_1_395' title='bbox 886 3795 1013 3865; x_wconf 85' lang='lat' dir='ltr'><strong>collegi.“</strong></span> <span class='ocrx_word' id='word_1_396' title='bbox 1042 3799 1109 3849; x_wconf 76' lang='lat'>1202</span> <span class='ocrx_word' id='word_1_397' title='bbox 1127 3795 1282 3851; x_wconf 72' lang='lat'>13:1045.</span> 
     </span>
     <span class='ocr_line' id='line_1_48' title="bbox 199 3859 1284 3934; baseline 0.005 -20"><span class='ocrx_word' id='word_1_398' title='bbox 199 3862 298 3934; x_wconf 78' lang='lat' dir='ltr'><strong>Lngd.)</strong></span> <span class='ocrx_word' id='word_1_399' title='bbox 315 3872 369 3916; x_wconf 88' lang='lat' dir='ltr'><strong>tres</strong></span> <span class='ocrx_word' id='word_1_400' title='bbox 387 3859 530 3913; x_wconf 79' lang='lat' dir='ltr'><strong>sententies</strong></span> <span class='ocrx_word' id='word_1_401' title='bbox 547 3860 583 3913; x_wconf 84' lang='lat' dir='ltr'><strong>its</strong></span> <span class='ocrx_word' id='word_1_402' title='bbox 600 3869 714 3928; x_wconf 81' lang='lat' dir='ltr'><strong>separet,</strong></span> <span class='ocrx_word' id='word_1_403' title='bbox 763 3861 838 3914; x_wconf 86' lang='lat' dir='ltr'><strong>Haec</strong></span> <span class='ocrx_word' id='word_1_404' title='bbox 856 3872 944 3916; x_wconf 88' lang='lat' dir='ltr'><strong>tamen</strong></span> <span class='ocrx_word' id='word_1_405' title='bbox 961 3865 1020 3918; x_wconf 83' lang='lat' dir='ltr'><strong>sinc</strong></span> <span class='ocrx_word' id='word_1_406' title='bbox 1041 3865 1105 3919; x_wconf 82' lang='lat' dir='ltr'><strong>suoo</strong></span> <span class='ocrx_word' id='word_1_407' title='bbox 1127 3865 1196 3919; x_wconf 84' lang='lat' dir='ltr'><strong>dioltt</strong></span> <span class='ocrx_word' id='word_1_408' title='bbox 1219 3882 1284 3919; x_wconf 81' lang='lat' dir='ltr'><strong>esse</strong></span> 
     </span>
     <span class='ocr_line' id='line_1_49' title="bbox 199 3930 1037 4002; baseline 0.005 -16"><span class='ocrx_word' id='word_1_409' title='bbox 199 3932 244 4000; x_wconf 86' lang='lat' dir='ltr'><strong>ul‚·</strong></span> <span class='ocrx_word' id='word_1_410' title='bbox 257 3932 389 4002; x_wconf 48' lang='lat' dir='ltr'><strong>‘quamvls</strong></span> <span class='ocrx_word' id='word_1_411' title='bbox 408 3930 570 3984; x_wconf 74' lang='lat' dir='ltr'><strong>summarei</strong></span> <span class='ocrx_word' id='word_1_412' title='bbox 586 3938 714 4000; x_wconf 79' lang='lat' dir='ltr'><strong>spectata,</strong></span> <span class='ocrx_word' id='word_1_413' title='bbox 765 3945 822 3984; x_wconf 84' lang='lat' dir='ltr'><strong>nou</strong></span> <span class='ocrx_word' id='word_1_414' title='bbox 839 3933 1037 3990; x_wconf 73' lang='lat' dir='ltr'><strong>affirmaverim.</strong></span> 
     </span>
    </p>
   </div>
   <div class='ocr_carea' id='block_1_7' title="bbox 0 0 1395 4486">
    <p class='ocr_par' dir='ltr' id='par_1_9' title="bbox 0 0 1395 4486">
     <span class='ocr_line' id='line_1_50' title="bbox 0 0 1395 4486; baseline 0 0"><span class='ocrx_word' id='word_1_415' title='bbox 0 0 1395 4486; x_wconf 95' lang='lat' dir='ltr'><strong> </strong></span> 
     </span>
    </p>
   </div>
  </div>
 </body>
</html>
