2798 4486
263 235 314 313 8⁰

264 406 367 492 nibus
384 419 435 476 est
456 403 657 491 necessaria,¹
674 418 711 475 ut
731 404 821 476 nulla
841 429 997 501 umquam
1019 404 1090 477 sine
1111 403 1175 475 sslis
1197 431 1265 476 me·

262 519 324 589 rita
359 518 532 588 sufficiant.
560 571 561 578 κ
588 516 755 588 Positivae
790 534 899 589 autem
925 518 1068 612 justitiae
1096 517 1177 586 illud
1206 533 1265 603 est,

264 631 353 728 quod
382 632 422 700 ab
452 629 636 700 bominibus
666 630 845 699 institutum
875 630 916 700 ad
946 629 1113 700 utilitatem
1141 630 1266 700 scilicet

262 743 314 814 vel
347 743 551 814 honestatem
580 741 678 811 tutius
707 742 916 811 muniendam
940 741 1017 830 (sol.
1040 753 1093 818 39.
1116 741 1181 833 R.)
1213 740 1264 811 vel

263 854 538 950 amplificandam,
570 871 626 922 aut
652 853 723 923 sola
745 854 981 924 cousuetudine
1006 871 1061 923 aut
1084 854 1193 948 scripti
1216 835 1269 922 ni·¹

262 967 339 1036 titur
364 967 576 1049 anctoritate,
609 981 722 1060 utpote
750 969 878 1062 poenae
910 965 1121 1036 vindictarum
1150 964 1201 1034 vel
1229 963 1273 1032 in'

263 1077 485 1162 examinandis
503 1078 760 1147 accusationibus
777 1078 956 1148 sententiae
971 1077 1174 1172 judiciorum,
1190 1059 1264 1147 cum

261 1190 350 1284 apud
381 1190 462 1259 alios
492 1189 570 1258 ritus
600 1189 642 1258 sit
665 1189 845 1259 duellorum
868 1189 918 1259 vel
941 1189 1032 1283 igniti
1054 1189 1146 1274 ferri,
1175 1186 1264 1284 apud
1298 1275 1300 1278 Ι
1395 1275 1396 1296 ζ

261 1303 344 1372 alios
368 1319 476 1371 autern
500 1302 606 1370 omnis
630 1302 869 1371 controversiae
893 1301 965 1370 finis
990 1302 1030 1371 sit
1051 1305 1213 1395 juratum,-
1232 1315 1265 1368 et

260 1415 398 1484 testibus
423 1413 527 1483 omnis
552 1411 712 1482 discussio
740 1411 990 1486 circumferatur.
1034 1411 1133 1482 Unde
1157 1413 1205 1496 lit,
1229 1425 1264 1480 ut

262 1553 336 1595 cum
367 1526 613 1621 quibuscunque
638 1523 811 1593 vivendum
836 1540 900 1608 est,
927 1519 1024 1594 nobis
1045 1550 1158 1593 eorum
1182 1547 1261 1619 quo·

264 1665 326 1734 que
356 1637 517 1721 instituta,
547 1660 630 1730 qnae
660 1635 812 1719 diximus,
841 1637 925 1743 sicut
954 1651 986 1704 et
1011 1635 1169 1704 naturalia
1189 1638 1262 1728 jura

257 1757 441 1820 teneamus.
497 1749 593 1843 Ipsae
624 1773 754 1843 quoque
777 1747 866 1840 leges
890 1771 971 1844 quas
996 1747 1122 1834 divinas
1145 1745 1261 1828 dicitis,

259 1878 353 1931 vetus
377 1860 501 1930 scilicet
523 1884 561 1930 ac
590 1887 710 1928 novum
738 1876 984 1943 testamentum,
1013 1859 1174 1955 quaedam
1202 1882 1260 1926 ua·

259 1972 375 2042 turalia
394 1972 526 2042 tradunt
547 1989 730 2068 praecepta,
754 1997 837 2068 qnae
860 1972 997 2043 moralia
1020 1972 1133 2055 dicitis,
1155 1987 1191 2041 nt
1213 1969 1260 2038 di·

167 2117 171 2123 *
258 2085 359 2177 ligere
382 2085 480 2154 deum
502 2083 553 2154 vel
585 2086 782 2179 proximum,
809 2111 877 2153 non
901 2085 1088 2168 adulterari,
1120 2109 1188 2153 non
1209 2081 1259 2149 lu·

258 2197 332 2281 rari,
355 2224 423 2266 non
446 2196 643 2266 homicidam
666 2197 748 2281 lieri,
773 2196 933 2290 quaedam
955 2221 1031 2265 vcro
1056 2195 1149 2290 qnasi
1170 2176 1259 2288 posi-

259 2310 342 2381 tivae
365 2308 505 2401 justitiae
529 2308 608 2391 sint,
632 2333 714 2402 quae
739 2309 932 2402 quibusdam
955 2289 993 2376 ex
1015 2325 1160 2400 tempore
1184 2319 1260 2374 sunt

259 2419 526 2502 accommodum·
561 2434 597 2486 ut
625 2419 824 2487 circumcisio
851 2417 986 2486 Judaeis
1016 2433 1047 2486 et
1077 2416 1258 2514 baptismus

259 2533 350 2602 vobis
375 2548 407 2601 et
428 2530 582 2626 pleraque
612 2527 674 2598 alia
698 2555 834 2624 quorum
858 2528 1002 2622 figuralia
1025 2529 1147 2598 vocatis
1164 2552 1257 2622 prae-

260 2661 363 2738 cepta.
400 2643 543 2712 Romani
567 2669 696 2739 qnoque
719 2641 889 2736 pontifices
913 2640 964 2711 vel
988 2640 1161 2736 synodales
1179 2665 1258 2709 con·

252 2771 391 2838 uentus,
408 2753 553 2850 qnotidie
574 2780 659 2822 nova
683 2753 826 2822 condunt
849 2754 987 2837 decreta,
1015 2752 1063 2821 uel
1088 2752 1257 2845 dispensa·

260 2868 366 2937 tiones
391 2864 515 2959 aliquas
538 2865 723 2959 indulgent,
750 2866 866 2961 quibus
889 2865 975 2934 licita
997 2865 1085 2959 prins
1107 2863 1255 2957 jamilli·
1322 2932 1324 2936 .

261 2979 338 3062 cita,
360 2976 410 3045 vel
435 3004 451 3045 e
476 3002 633 3047 converso
657 2979 725 3046 ficri
754 2979 941 3061 autumatis,
971 2978 1065 3073 qnasi
1086 2978 1120 3046 in
1144 3001 1255 3045 eornm
1291 3035 1292 3042 ,

258 3106 420 3187 potestate
445 3089 524 3158 deus
554 3089 698 3183 posuerit
725 3088 776 3158 vel
799 3089 1082 3185 permissionibus,
1111 3103 1146 3155 ut
1168 3088 1256 3157 bona

258 3203 310 3272 vel
333 3200 418 3271 mala
442 3227 514 3270 esso
538 3200 672 3285 iaciant,
703 3226 786 3292 quae
809 3204 897 3296 prius
927 3228 994 3270 non
1018 3214 1108 3268 erant
1137 3213 1169 3267 et
1191 3196 1255 3290 legi

259 3330 389 3383 nostrae
408 3313 514 3407 possit
536 3339 647 3381 eorum
671 3313 843 3381 auctoritas
867 3313 1098 3407 praejudicare.
1135 3309 1256 3402 Super·

259 3442 309 3495 est
332 3440 439 3492 autem
463 3451 559 3505 nuuc,
582 3440 617 3491 ut
639 3441 715 3515 post
736 3423 1028 3521 considerationcm
1050 3421 1188 3515 justitiae
1212 3418 1256 3489 ad

258 3536 398 3632 reliquas
423 3536 503 3604 duas
527 3535 648 3602 virtutis
673 3536 800 3630 species
824 3535 932 3604 stilum
955 3552 1188 3608 convertamus.

534 3646 585 3715 De
609 3647 753 3740 partibus
775 3646 983 3718 fortitudinis.
1017 3681 1024 3737 χ

294 3751 302 3764 ’
346 3758 518 3830 Fortitudo
546 3758 653 3854 itaque
683 3759 777 3828 nobis
807 3758 932 3828 duabus
960 3759 1104 3855 partibus
1129 3759 1255 3829 videtur

166 3907 169 3916 ·
259 3871 508 3968 comprehendi,
530 3869 795 3964 magnanimitate
817 3871 941 3942 scilicet
964 3889 996 3941 et
1017 3870 1198 3943 tolerantia.

1163 3980 1255 4072 Quia
