2740 4486
272 418 351 488 uuio
372 410 434 482 illa
455 412 504 480 sie
525 411 615 480 faeta
636 420 701 488 est,
723 409 823 495 qnod,
845 409 932 474 siem
952 410 1034 476 dioit
1054 409 1172 480 beatur
1192 413 1269 484 Am.

272 529 431 607 brasias„
458 521 552 591 nulla
583 522 717 589 illarum
744 534 931 588 naturarum
959 523 994 588 iu
1027 522 1127 592 aliam
1148 541 1272 595 mutata

234 723 236 728 Ι
272 656 335 711 est.
395 638 493 717 Quod
527 642 563 704 iu
601 638 735 704 homine
772 657 900 722 quoque
933 636 1058 723 liquido
1098 644 1272 706 monstrari

272 767 397 844 potest.
440 753 496 818 sn
525 753 614 834 euim
642 751 751 814 anima
778 761 812 813 ot
840 769 957 834 eorpus
986 752 1021 816 iu
1042 771 1140 816 uuam
1161 775 1273 836 perso·

274 891 351 939 uam
379 867 596 943 conveniunt,
633 862 721 947 quod
753 874 902 929 ueutmm
934 861 1050 931 horum
1077 841 1218 930 uertitur
1239 866 1273 928 iu

274 981 426 1050 altarum.
472 977 602 1060 Quippe
629 996 690 1040 neo
720 975 831 1040 anima
851 995 949 1054 earo,
985 997 1045 1042 nee
1067 999 1144 1050 oaro
1168 979 1275 1043 anima

273 1105 406 1179 propter
428 1091 491 1158 hoo
513 1091 666 1156 efficitur.
711 1087 836 1151 Eodem
860 1109 989 1173 quoque
1009 1090 1109 1154 modo
1129 1093 1164 1154 iu
1180 1089 1275 1156 Chri-

274 1219 329 1278 sto
350 1207 463 1278 diviua
484 1215 518 1268 et
540 1202 682 1269 humana
703 1202 876 1264 naturaie
897 1220 995 1268 unam
1010 1223 1275 1285 personam-ooo-

273 1323 421 1398 veuiuut,
444 1316 529 1402 quod
552 1327 670 1380 neutra
688 1312 820 1378 illarum
840 1314 876 1378 in
898 1312 1037 1380 alteram
1049 1319 1179 1381 transit.
1223 1315 1276 1380 Si-

277 1435 426 1522 quidem,
458 1440 494 1492 ut
523 1428 570 1492 ait
589 1423 814 1510 Augustinus,
847 1425 877 1488 si
899 1422 1043 1489 Verbum
1065 1428 1220 1492 transiret
1241 1428 1277 1490 iu

276 1547 464 1620 hominem,
487 1536 544 1603 vel
564 1536 661 1602 homo
683 1539 719 1600 iu
740 1533 897 1614 Verbum,
921 1547 998 1602 tnuo
1019 1559 1084 1602 nou
1106 1551 1196 1604 asset
1215 1537 1291 1618 ibi,¹

276 1660 341 1724 uisi
363 1667 494 1733 tautum,
510 1651 608 1717 hemo
630 1648 686 1715 vel
716 1661 841 1714 tantum
859 1647 1017 1714 Verbum.
1061 1651 1155 1716 Salat
1177 1655 1278 1718 etiam

278 1771 418 1858 ambigi,
448 1789 490 1832 an
520 1765 584 1832 hae
606 1764 691 1829 duae
713 1776 850 1828 naturae
870 1761 964 1829 illius
985 1785 1147 1846 personae
1168 1778 1279 1849 partas

277 1886 345 1952 siut
365 1881 536 1948 dicendae.
580 1876 747 1955 atvero,
779 1876 844 1940 uisi
872 1890 982 1960 partes
1005 1881 1071 1943 siut
1092 1878 1181 1944 illius
1204 1901 1279 1964 per·

214 2053 217 2062 ,
278 2020 402 2077 sonae,
435 1990 611 2060 Athanasii
639 1988 703 2054 illa
730 1987 912 2054 similitudo
940 2011 1000 2073 pro
1021 1991 1126 2056 nihilo
1149 1993 1281 2059 videtur

277 2109 424 2177 inducta.
467 2105 551 2171 Item
573 2106 603 2170 si
625 2123 691 2168 noa
713 2115 826 2167 essent
846 2115 970 2187 partes,
992 2106 1027 2168 in
1052 2103 1185 2190 aliquod
1200 2128 1281 2174 oon-

278 2223 455 2292 fioiendum
476 2239 542 2286 uon
564 2202 800 2298 convenirent,
824 2217 883 2282 sad
907 2221 1104 2285 conveniunt
1123 2222 1159 2284 iu
1181 2242 1281 2286 uuam

278 2356 465 2422 personam.
508 2331 625 2398 Partes
647 2333 748 2418 igitur
769 2351 827 2396 eas
848 2350 923 2396 esso
944 2351 1082 2397 neeesse
1104 2345 1167 2413 est,
1193 2335 1282 2418 quod

281 2471 349 2520 nou
378 2449 485 2516 solum
514 2447 597 2512 haee
624 2447 709 2512 ratio
747 2459 780 2510 et
807 2444 869 2511 illa
897 2444 1074 2512 Athanasii
1101 2444 1282 2512 similitudo

283 2562 471 2649 compellit,
502 2582 616 2626 verum
644 2579 772 2643 quoque
796 2561 974 2625 auotoritas
995 2558 1060 2624 hoo
1079 2560 1167 2624 idern
1188 2563 1283 2626 iuvo-

282 2680 371 2745 nitur
392 2694 554 2742 asserere.
598 2670 654 2736 Ait
676 2672 763 2735 enim
783 2669 1024 2754 Hieronymust
1049 2669 1199 2738 Christus
1220 2693 1284 2758 pro

283 2801 376 2874 parte
396 2784 567 2878 esthamo
589 2795 632 2848 ets
651 2803 710 2870 pro
739 2795 830 2865 parta
852 2781 904 2848 s'st
927 2781 1033 2848 Deus.
1075 2777 1283 2872 Augustinus

283 2916 394 2970 tamen
414 2897 479 2963 hoo
501 2896 682 2987 approbare
703 2895 829 2975 noluit,
856 2907 988 2980 propter
1014 2907 1158 2960 mutuam
1180 2897 1222 2962 de
1245 2917 1285 2960 se

284 3014 437 3081 fortassis
475 3012 763 3098 praedicationem.
822 3008 928 3085 Quam
962 3006 1018 3106 οἱ),
1036 3029 1105 3073 rem
1146 3009 1187 3073 de
1219 3007 1286 3074 hae

285 3128 539 3213 praedieatione,
560 3137 668 3190 utrum
688 3144 768 3189 vara
791 3124 834 3187 sit
855 3144 898 3187 au
925 3133 1011 3203 nen,
1034 3120 1211 3214 diligenter
1232 3123 1287 3186 iu·

286 3243 414 3328 quirare
436 3220 488 3305 est
508 3237 693 3304 eonsilium.
737 3236 862 3302 Omnes
885 3238 972 3302 euim
994 3234 1178 3322 loeutiouas
1196 3237 1287 3300 istae

284 3356 321 3440 iu
343 3351 590 3420 auetoritatibus
611 3351 837 3414 inveniuntur:
859 3347 954 3415 Deus
977 3359 1030 3412 est
1050 3345 1161 3426 homo,
1179 3345 1287 3434 dromo

286 3477 340 3534 est
359 3464 468 3534 Deos:
499 3463 732 3536 christusne
750 3460 839 3531 filius
861 3461 1024 3542 hominis,
1059 3457 1209 3526 Christus
1233 3472 1289 3524 est

287 3580 377 3677 filios
389 3581 473 3648 Dei:
497 3579 648 3646 Christus
670 3578 827 3646 estDeus
849 3592 885 3645 ot
900 3577 1015 3644 horno:
1040 3595 1174 3661 queram
1190 3570 1288 3639 nulla

289 3705 418 3783 praetor
438 3715 538 3760 uuam
571 3694 701 3777 propria
728 3692 870 3760 ridetur.
914 3689 953 3758 Si
973 3688 1291 3774 enimpropriaest

289 3810 356 3888 ista
375 3806 514 3874 locutio:
537 3804 629 3874 Deus
651 3817 704 3872 ost
723 3803 834 3890 homo,
854 3815 933 3870 tuuo
946 3813 1116 3870 aeteruum
1136 3811 1188 3865 est
1203 3810 1291 3863 tem·

289 3917 423 4006 potale,
449 3918 591 4006 simplex
622 3928 674 3986 est
695 3919 929 4003 compositum,
959 3928 1090 3986 creator
1120 3924 1173 3980 est
1193 3931 1289 3982 eres·
