2774 4486
520 129 907 228 *lu-2

113 311 227 378 ‘euius
244 309 467 384 conditionem
482 309 691 376 rario'tuodo
706 308 859 374 afflictam
875 315 1035 380 cerneret,
1054 325 1117 394 pro
1131 307 1227 374 virili.

135 412 434 501 partedeleuderet
455 423 487 476 et
502 410 667 475 stabiliret
681 411 739 486 (de
754 406 922 496 que-inira
938 406 1090 493 pluribus
1105 408 1222 485 dicen-

135 515 241 598 dum).
297 513 425 577 Deinde
459 534 674 598 quaecunque
711 509 1064 576 demonstrandanilri
1097 510 1222 586 sumsit,

135 629 267 704 patrum
285 627 315 680 et
332 616 550 681 conciliorum
572 616 695 701 pariter
715 627 813 697 atque
830 611 1016 697 scripturae
1028 615 1222 679 auctoritate

38 749 43 759 ·
136 721 304 807 probavit,
334 719 473 782 illorum
487 717 623 802 quidem
640 717 808 782 sententiis
822 725 854 778 et
869 714 1049 778 canonibus
1064 725 1219 799 tanquam

134 819 341 907 argumentis
365 831 461 904 atque
491 819 684 884 testimoniis
712 841 826 884 rerum
854 840 932 881 vere
956 817 1220 884 Christianarum

133 923 293 988 innixus:
318 921 563 1006 Augustinum,
587 921 685 986 illum
717 919 1009 984 ecclesiasticorum
1032 921 1220 986 maximum

136 1025 306 1090 doctorem
329 1021 530 1108 (123613=
546 1023 673 1106 1048„
698 1033 796 1107 atque
818 1021 1022 1106 Gregorium
1044 1022 1218 1107 Magnum,

135 1149 216 1213 quos
232 1124 498 1190 ¹occidentalium
520 1124 785 1190 Christianorum
814 1123 1017 1188 consuetudo
1042 1121 1120 1188 fidei
1143 1115 1229 1192 suae*

61 1237 64 1243 '
134 1229 273 1294 arbitros
291 1226 430 1303 lecerat,
451 1249 579 1292 summa
603 1228 791 1292 reverentia
809 1225 1020 1311 prosequitur
1037 1247 1221 1310 eorumque

135 1329 270 1414 vestigia
296 1329 491 1416 saepissime
512 1327 653 1416 premi13
690 1327 909 1392 Athanasium
933 1337 1028 1410 atque
1052 1328 1220 1393 Hilarium

135 1432 373 1499 Pictaviensem
388 1431 532 1496 studium
543 1430 702 1494 trinitatis
718 1428 943 1494 defendendae
954 1427 983 1491 ei
993 1433 1220 1494 commendata

133 1535 251 1599 ceteris
265 1533 491 1596 cumGraecis
508 1531 674 1614 (Eusebio,
696 1532 855 1618 Didymo,
879 1532 1131 1617 Clrrysostomo)
1150 1545 1220 1596 tum

132 1636 259 1702 Latinis
276 1657 312 1698 ac
325 1633 503 1698 serioribue
518 1633 624 1698 rarius
638 1633 788 1718 quidem,
811 1635 928 1700 eodem
954 1646 1063 1698 tamen
1086 1635 1222 1700 nomine

133 1739 250 1803 utitur.
294 1736 384 1799 Sicut
404 1745 514 1800 autem
543 1735 614 1822 ipse
641 1735 745 1800 literis
767 1738 867 1800 sacris
895 1735 1109 1824 profanisque
1137 1743 1221 1804 bene

134 1841 330 1906 exercitatus
348 1836 486 1923 fideique
500 1839 683 1904 seruandae
698 1841 843 1903 maxime
860 1837 1024 1904 studiosus
1043 1841 1122 1915 luit,
1146 1831 1221 1906 illos

133 1965 201 2007 non
224 1941 351 2016 solum,
382 1941 458 2025 quia
483 1941 639 2026 temporis
668 1941 870 2004 cousuetudo
897 1940 1017 2018 lerret,
1050 1943 1107 2006 sed
1136 1941 1221 2008 bane

133 2064 269 2130 quoque.
284 2041 326 2105 ob
346 2063 476 2104 cansam
499 2041 582 2106 tanti
605 2040 718 2106 fecisse
739 2044 889 2120 videtur,
919 2044 1076 2128 quoniam
1101 2068 1221 2110 eorum

131 2149 306 2236 pietatem,
336 2142 526 2227 ingenium,
553 2143 793 2218 eruditionem,
822 2144 977 2210 virtutem
999 2146 1221 2232 ardoremque

131 2270 260 2314 sacrum
278 2245 312 2309 in
329 2246 439 2332 pravis
455 2245 666 2332 opinionibus
679 2268 782 2332 aeque
794 2269 836 2309 ac
850 2248 1000 2312 moribus
1016 2248 1220 2333 corrigendis

132 2349 346 2437 conspicuum
370 2368 437 2409 non
466 2348 536 2410 sine
563 2371 695 2414 summe
724 2349 945 2432 venerationis
972 2373 1068 2414 sensu
1099 2351 1220 2416 intueri

82 2526 90 2532 ,
132 2463 253 2542 posset.
272 2499 274 2505 ,
296 2449 385 2512 Hinc
401 2458 477 2511 ante
494 2471 609 2514 omnes
631 2453 665 2516 in
685 2450 811 2516 deliciis
828 2449 940 2516 babuit
960 2452 1221 2540 Hieronymum,

133 2555 225 2622 cuius
242 2551 362 2635 scripta
382 2561 417 2613 ut
431 2549 652 2618 admiraretur
665 2563 697 2618 et
713 2550 907 2631 doctrinam,
933 2565 1077 2618 mentem
1093 2575 1226 2620 mores·-

133 2680 196 2742 que
214 2651 453 2729 aemularetur,
475 2650 599 2736 ingenii
621 2656 782 2740 quaedam
806 2665 1085 2743 externarumque
1105 2679 1220 2722 rerum

132 2755 314 2830 similitudo
330 2774 405 2816 eum
423 2755 591 2839 compulit.

217 2860 289 2924 lam
311 2875 391 2918 vero
415 2852 471 2916 nbi
491 2853 531 2916 tle
557 2855 685 2919 ratione
710 2857 904 2938 quaesieris,
928 2879 991 2942 qua
1012 2857 1220 2922 Abaelardus

50 3027 53 3036 ,
133 2964 302 3034 doctrinae
317 2978 395 3021 suae
410 2953 500 3018 fonte
515 2955 567 3018 vel
584 2955 692 3041 potius
707 2957 851 3024 lontibus
865 2960 1038 3044 (scriptura
1052 2958 1140 3022 enim
1152 2981 1220 3023 non

133 3049 235 3158 plane
246 3074 293 3128 est
309 3057 453 3127 exclusa)
463 3077 546 3119 usus
559 3055 619 3129 sit,
644 3057 759 3140 negari
780 3059 912 3143 quidem
933 3061 1064 3144 nequit,
1085 3082 1162 3123 eum
1185 3060 1222 3126 in
1292 3089 1294 3095 ·

130 3165 298 3237 tractanda
308 3164 470 3246 scriptura
480 3156 600 3246 passim
614 3159 803 3242 aequalibus
819 3163 885 3225 suis
895 3160 1107 3248 superiorem
1123 3176 1221 3246 atque

131 3270 268 3344 omnino
279 3265 448 3330 liberalem
456 3285 491 3328 se
500 3259 695 3328 exhibuisse.
728 3261 811 3326 Prae
821 3263 977 3327 omnibus
991 3262 1079 3327 enim
1095 3264 1221 3328 nullam

130 3373 312 3461 scripturae
328 3366 502 3430 lectionem
519 3387 558 3428 eo
573 3363 707 3432 nomine
722 3365 855 3450 dignam
871 3378 968 3450 atque
980 3367 1221 3450 commendan-

131 3476 212 3548 dam
225 3469 441 3550 existimarit,
465 3469 530 3533 'nisi
545 3491 636 3545 eam,
658 3487 720 3551 qus
734 3464 939 3544 efficeretur,
961 3479 996 3531 ut
1009 3469 1219 3551 singulorum

33 3609 42 3618 ·
130 3570 604 3643 verborumsensuabatteutis
615 3569 791 3634 lectoribus
802 3569 1222 3656 ela'reintellectoipse‘ani-¹

130 3691 204 3748 mus
219 3673 364 3739 fructum
376 3683 560 3759 reportaret
574 3687 604 3736 et
615 3691 701 3737 nova
712 3671 788 3736 fidei
798 3671 1004 3755 caritatisque
1016 3670 1219 3736 incrementa

130 3774 380 3864 laceret(p.188
396 3777 479 3862 sqq.)
496 3821 519 3865 ‚2
530 3775 621 3840 cibus
637 3775 728 3840 enim
744 3773 847 3864 animi
863 3782 957 3839 estet
972 3773 1127 3860 spiritalis
1141 3772 1212 3838 eius

128 3925 148 3959 ‚‚
157 3879 250 3967 panis
272 3871 486 3965 intelligentia
512 3875 618 3950 divini
639 3875 834 3964 verbi“1(p.
854 3873 940 3962 858).
992 3872 1124 3950 Deinde
1142 3898 1215 3948 non
1250 3952 1253 3956 ,
