2798 4486
206 325 332 414 ,64

254 506 259 518 ’
283 496 422 593 quimur‚
445 511 480 564 ut
500 493 581 563 alios
603 490 714 576 Iertes,
736 491 817 563 alios
840 491 924 562 viros
941 467 1062 578 ‚Ionos
1084 494 1166 564 alies
1189 520 1260 590 pru-

284 608 396 678 dentes
426 631 498 676 esse
527 603 682 673 dicamus.
725 602 939 699 Popularihus
968 605 1054 674 enim
1082 605 1186 676 verbis
1216 621 1262 675 est
1297 651 1300 656 ,
1380 642 1384 650 ·

177 755 180 762 ·
283 717 444 811 agendum
466 733 498 786 et
523 714 645 783 usitatis
669 740 767 810 quum
788 715 948 810 loquimur
968 715 1009 784 de
1033 715 1185 809 opinione
1206 741 1261 810 po·

284 828 385 924 pulari
410 835 454 917 ¹).
511 824 594 916 Qui
622 826 717 895 etiam
744 825 777 894 iu
804 827 975 920 paradoxis
1002 852 1069 896 nou
1098 824 1203 894 solum
1230 825 1261 894 in

282 939 447 1008 virtutibus
469 940 591 1021 honos,
617 962 726 1005 verum
749 936 843 1005 etiam
865 937 1058 1031 inpeccatis
1081 938 1125 1006 ita
1146 952 1262 1031 aequat

282 1049 396 1133 malos,
418 1064 454 1117 ut
476 1048 585 1118 emnia
606 1063 740 1142 peecata
753 1047 844 1143 paria
866 1047 1003 1146 (nstv.)
1027 1072 1098 1117 esse
1113 1062 1243 1117 astruat.
1265 1099 1266 1102 ,
1303 1045 1305 1049 ’

370 1157 467 1229 Chri
474 1157 588 1231 stian.
611 1154 720 1229 Nunc
742 1159 845 1253 primo
868 1175 899 1228 te
916 1159 1131 1254 importunum
1148 1174 1179 1227 et
1194 1155 1263 1228 cer-¹

281 1271 376 1340 rixari
405 1271 523 1363 magis,
551 1295 648 1365 quam
676 1269 898 1365 philosophari
919 1270 1023 1340 video.
1068 1265 1198 1363 Quippe
1220 1296 1260 1340 ne

283 1381 326 1450 ad
361 1381 599 1452 consessionem
632 1381 821 1450 manifestae
850 1380 989 1450 veritatis
1018 1380 1091 1472 cogi
1117 1380 1260 1465 videaris,

221 1504 224 1509 ’
283 1493 325 1562 ad
348 1491 586 1586 patentissimae
609 1490 754 1560 falsitatis
782 1491 939 1560 insaniam
967 1506 998 1561 te
1028 1492 1201 1574 convertis,
1228 1507 1262 1560 ut

284 1627 398 1673 omnes
422 1601 566 1680 videlieet
587 1601 691 1670 boues
714 1601 887 1696 aequaliter
907 1601 1029 1684 honos,
1052 1627 1165 1670 omnes
1186 1625 1276 1672 reos·

283 1712 457 1809 aequaliter
468 1738 541 1782 reos
555 1727 586 1782 et
599 1736 710 1782 omnes
724 1712 842 1808 pariter
853 1712 965 1782 eadem
977 1711 1078 1805 gloria
1091 1711 1142 1782 vel
1153 1737 1260 1807 poena
1368 1797 1377 1810 .

283 1847 419 1894 censeas
443 1823 569 1916 dignes.

368 1932 524 2003 Philus.
563 1931 728 2030 Siquidem
751 1932 784 2002 in
806 1958 840 2002 re
862 1959 929 2002 neu
950 1932 984 2003 iu
1006 1933 1171 2003 hominum
1193 1935 1261 2028 opi·

282 2044 380 2116 nione
416 2045 578 2128 censistit,
613 2044 667 2139 qui
698 2069 829 2138 operum
858 2041 1007 2113 effectum
1035 2044 1136 2137 magis
1165 2051 1273 2141 quam'

222 2179 248 2214 w
283 2182 409 2226 morum
438 2155 621 2252 qualitatem
656 2153 830 2248 dijudicant
856 2171 951 2250 atque
978 2172 1196 2239 remunerant,
1231 2171 1261 2226 et

284 2267 459 2336 secundnm
488 2290 541 2347 ea,
571 2289 653 2361 qnae
681 2265 747 2356 geri
767 2265 904 2357 exterius
926 2264 1084 2348 videatur,
1111 2266 1190 2336 alios
1211 2271 1260 2360 jn-

254 2443 259 2458 ,
285 2377 398 2446 stiores
421 2376 471 2445 vel
493 2373 640 2476 fortiores
664 2375 729 2444 sive
751 2374 898 2445 meliores
918 2375 969 2445 vel
992 2375 1165 2446 deteriores
1187 2372 1260 2447 'aliis

284 2486 436 2580 judicant.
478 2487 508 2553 Α
543 2509 607 2579 qua
635 2484 780 2579 profecto
810 2486 966 2554 sententia
993 2511 1053 2555 nec
1078 2513 1136 2556 vos
1162 2487 1259 2580 longe

286 2620 357 2669 esse
381 2593 523 2679 arbitror,
545 2595 573 2664 si
593 2611 732 2665 vestram
755 2595 922 2689 diligenter
942 2597 1150 2666 consideretis
1166 2597 1260 2668 disci·

285 2704 418 2800 plinam.
462 2703 588 2774 Omnes
612 2705 729 2801 quippe
750 2707 889 2790 virtutes,
910 2721 945 2773 ut
965 2704 1012 2774 vir
1032 2706 1083 2776 itte
1105 2710 1259 2780 maximus

286 2816 398 2898 astruit
422 2815 634 2910 philosophus
656 2803 868 2910 Augustinus,
896 2841 961 2888 nuo
989 2818 1118 2888 nomine
1145 2820 1260 2890 caritas

287 2924 543 3020 comprehendit,
567 2951 649 3021 quae
671 2928 756 3013 seia,
778 2943 813 2996 ut
832 2928 969 3024 ipsemet
989 2928 1048 3013 ait,
1075 2929 1158 2998 iuter
1177 2931 1261 3001 filies

286 3037 340 3106 dei
361 3050 392 3106 et
416 3035 498 3105 filies
527 3035 644 3106 diaboli
673 3039 833 3108 discernit.
874 3035 971 3107 Unde
994 3054 1025 3107 et
1045 3039 1157 3110 merito
1180 3067 1260 3136 quo·

287 3148 361 3216 dam
383 3146 469 3216 loc'o·
485 3147 643 3242 meminit:
687 3148 754 3218 Ubi
783 3163 832 3218 est
859 3149 971 3217 caritas
999 3149 1145 3248 quidem,
1173 3153 1261 3247 quod
1319 3192 1323 3196 ·

285 3255 389 3352 possit
418 3256 553 3326 deesse?
595 3255 768 3329 Plenitude
798 3258 914 3354 quippe
941 3258 1022 3351 legis
1052 3275 1101 3328 est
1122 3261 1260 3338 dilectio.

288 3364 397 3456 Quam
424 3368 510 3459 ipse,
537 3367 592 3462 qui
613 3368 676 3437 hec
699 3369 772 3439 dicit
793 3369 958 3464 apostolus
977 3377 1009 3457 9>
1029 3369 1262 3464 plenitudinem
1299 3380 1300 3385 ’

286 3500 487 3571 prosequens
522 3491 554 3545 et
580 3493 653 3547 ¹tam
685 3479 770 3548 mala
796 3480 871 3550 iude
898 3505 1066 3575 removens
1095 3509 1189 3577 quam
1216 3486 1263 3555 ibi

1087 3663 1090 3668 Α
1175 3595 1266 3665 bena
1379 3657 1383 3672 ,

305 3725 339 3796 l)
356 3721 455 3780 Locum
473 3720 544 3778 nune
562 3719 758 3787 Cieemuiannrn
777 3727 805 3782 iu
823 3722 889 3808 Ced
906 3724 1000 3784 Muses.
1022 3711 1158 3782 admodum
1175 3746 1264 3783 eorru-

244 3859 252 3872 ,
355 3825 428 3893 ptum
444 3825 520 3891 atque
537 3836 665 3886 maneum,
687 3838 720 3874 ex
736 3817 857 3876 Editione
873 3818 1046 3877 Tullianos-um
1063 3839 1169 3896 operum
1187 3818 1267 3876 Orel-

355 3907 421 3964 liam
438 3907 640 3980 emendavimus,
660 3931 775 3988 quaeque
792 3923 865 3971 eraut
880 3911 1026 3992 supplenda·
1037 3913 1217 3992 subjunxirnus.
1305 3991 1308 4001 1

303 4027 338 4098 2)
355 4026 430 4086 Rutu
446 4026 520 4098 XIII,
537 4031 578 4088 1⁰.
