2740 4486
1095 271 1125 358 θ’

116 451 196 530 diui,
220 452 269 515 siu
291 450 420 534 spiritui
443 459 558 513 sanato
588 446 630 513 ab
663 460 803 534 utroquo
823 453 1022 534 proaedere,
1055 477 1120 522 nou
1216 433 1264 550 '⁸

119 577 263 629 creatum
295 576 351 628 aut
385 564 508 627 fautum
530 584 617 638 esse.
671 562 768 639 Quod
797 568 883 630 enini
906 566 1120 634 aeternaliter

117 676 271 741 subsistit
299 687 397 758 atque
425 675 520 738 initio
553 685 726 739 caratauc
748 688 893 742 creatum
916 700 976 744 uec
997 679 1120 747 facturn

117 785 183 854 diei
207 789 372 854 convenit.
417 785 531 852 Solum
561 808 640 874 ergo
671 807 797 870 patrem
828 791 1010 877 ingenitum
1040 792 1119 857 diuiss

118 899 209 981 tuus,
243 901 307 966 hou
337 912 388 966 est
421 877 501 964 ass
523 902 615 981 ipsu,
647 920 713 981 nou
735 899 777 964 ab
800 901 867 966 alio
892 925 978 968 esse.
1022 901 1119 970 Unde

117 1012 265 1078 Isidorus
288 1011 476 1097 Etymolog.
500 1010 584 1075 libro
607 1023 727 1077 sextos
745 1012 864 1093 Pater,
887 1015 1004 1099 inquit,
1027 1016 1119 1082 solus

119 1147 184 1190 nou
208 1140 259 1190 est
282 1128 322 1192 de
336 1124 415 1203 alio,
437 1125 512 1188 ideo
527 1123 619 1190 solus
634 1117 799 1208 apellatur
810 1129 988 1212 ingenitus.
1018 1129 1120 1194 Aliud

19 1251 25 1262 “
117 1261 198 1328 argo
222 1252 273 1304 ast
296 1239 405 1304 dicere
425 1251 551 1321 patrem
579 1239 780 1325 ingenitum,
810 1239 899 1304 aliud
921 1241 1031 1305 diaeta
1053 1261 1125 1338 noa

114 1354 276 1439 genitum,
299 1354 347 1416 sic
367 1366 403 1415 ut
425 1350 515 1416 aliud
538 1339 659 1430 diuers,
683 1352 807 1436 aliquid
821 1355 980 1437 injustum
1003 1367 1036 1419 at
1056 1354 1119 1420 ali·
1172 1397 1174 1401 -
1281 1353 1285 1362 '

116 1467 197 1548 quid
220 1485 285 1528 aon
310 1467 448 1548 justum.
494 1463 621 1546 Quippe
657 1465 744 1549 quod
771 1467 931 1549 injustum
960 1479 1028 1546 est,
1062 1488 1120 1531 ua·

115 1599 214 1642 cessa
236 1591 286 1642 est
305 1599 380 1642 essa
396 1597 461 1640 nou
479 1579 617 1661 justum,
639 1578 699 1642 sed
722 1599 788 1641 non
810 1580 1026 1644 acupieta).
1048 1579 1117 1645 La-

118 1693 171 1775 pis
194 1694 312 1775 quippe
336 1703 474 1756 estnon
496 1694 607 1776 justus
636 1713 699 1756 nau
725 1681 1018 1777 tardauiujus‘tus.
1064 1692 1120 1758 sie

112 1816 154 1868 at
175 1825 246 1868 cum
268 1817 361 1886 pater
382 1804 500 1868 dicitur
518 1805 695 1890 ingenitus,
718 1815 848 1869 cunstat
859 1805 1022 1887 prolecto,
1046 1824 1121 1871 eum

118 1905 195 1982 asse
218 1940 283 1982 non
305 1918 462 2002 genitam,
486 1918 519 1980 id
543 1928 606 1996 est,
630 1937 696 1981 non
718 1939 793 1983 esse
815 1917 932 1982 filium.
978 1917 1119 2000 Spiritus

114 2054 199 2098 vero
219 2046 353 2098 sanutus
376 2037 447 2116 ipsa
470 2023 597 2119 quoque
626 2046 677 2098 est
700 2056 766 2099 nan
787 2038 929 2123 genitus,
954 2037 1119 2118 cumipse
1144 2062 1147 2070 ·
1171 2063 1175 2069 ¹

117 2149 220 2212 etiam
242 2141 306 2211 uon
330 2150 374 2212 sit
396 2151 547 2236 genitus,
571 2148 605 2212 id
630 2153 769 2214 estnon
791 2153 835 2215 sit
855 2149 963 2229 filius,
986 2167 1048 2211 nau
1070 2157 1121 2210 ta·

7 2252 12 2263 ’
117 2281 195 2326 meu
218 2264 349 2327 omnino
374 2276 426 2326 est
447 2263 626 2348 ingenitus,
649 2263 813 2345 cumipse
835 2260 876 2326 ab
895 2259 961 2325 aliu
977 2261 1032 2339 sit,·
1052 2271 1121 2324 tarn

92 2440 96 2446 ,
118 2393 141 2436 a
163 2385 255 2454 patre
277 2371 406 2437 scilicet
427 2393 523 2457 quam
545 2370 647 2436 afilia
669 2372 863 2454 protelem.
907 2371 1006 2438 Solus
1019 2375 1122 2460 igitur

117 2498 213 2568 pater
231 2487 352 2550 dicitur
367 2465 546 2570 ingdnitus,
569 2488 653 2550 sicut
666 2485 858 2550 solusfilius
873 2489 1016 2571 genitus.
1046 2486 1120 2570 S'pi·

115 2599 202 2662 ritua
223 2619 303 2661 veru
326 2611 457 2662 Mancia
481 2619 543 2662 nea
564 2600 695 2684 genitus
718 2619 779 2664 nac
799 2601 979 2684 ingenitus,
1003 2598 1121 2664 seddi:

117 2713 327 2794 dictumest,
349 2732 414 2777 uon
436 2711 579 2798 genitus.
624 2709 721 2777 Unda
743 2712 946 2798 Augustinus
970 2712 1012 2776 ad
1034 2710 1120 2776 Oro·

116 2827 205 2890 sium
228 2826 334 2906 capite
368 2826 497 2907 quinto:
530 2823 685 2905 Spiritum
713 2835 873 2889 sanutum'
890 2844 952 2889 rea
973 2825 1120 2909 genitum

37 2985 42 2992 ·
116 2959 183 3002 naa
204 2939 386 3021 ingenitum
412 2936 496 3000 fides
528 2949 617 3000 certa
649 2934 815 3016 declarat,
846 2939 922 3021 quia
944 2939 973 3001 si
995 2936 1120 3000 dixeri·

117 3049 417 3136 musingenitum,
441 3049 524 3112 duos
544 3059 655 3129 patras
679 3047 845 3113 affirmare
868 3047 1066 3125 videbimur,
1090 3047 1120 3110 si

116 3183 201 3225 varo
222 3164 367 3247 genitum
387 3162 469 3226 duos
491 3160 580 3226 filios
604 3162 738 3226 eradere
760 3159 938 3243 culpamur.
982 3155 1075 3223 ldem
1088 3159 1119 3238 ')

117 3274 163 3338 de
194 3273 385 3364 *urthodoxa
424 3273 491 3340 fida
531 3272 831 3340 aeclesiasticorum
871 3273 1060 3359 dogmatum
1087 3265 1118 3334 ὸ.

115 3387 241 3470 primo:
275 3385 376 3450 Pater
404 3409 484 3474 ergo
517 3373 571 3451 est
600 3387 793 3470 principium
820 3387 973 3464 deitatis,
1005 3404 1026 3449 u
1054 3403 1118 3466 quo

114 3497 211 3564 filius
232 3510 352 3579 natus,
376 3521 397 3565 a
420 3522 484 3586 quo
506 3503 639 3584 spiritus
660 3512 795 3566 sanatus
815 3520 881 3564 nou
903 3510 1020 3576 natas,
1042 3496 1120 3580 quia
1187 3489 1188 3496 '

117 3628 187 3677 ndu
219 3623 270 3677 est
300 3611 409 3693 tilius,
446 3634 506 3709 aaa
538 3615 724 3702 ingenitus,
756 3614 919 3698 quianon
943 3618 1118 3693 astpater.

103 3985 106 3992 ·
142 3952 172 4028 Ι’)
188 3955 315 4040 Sollioptt
340 3955 513 4016 Gennadius.
