2798 4486
1151 252 1177 326 5

174 433 327 492 naturam
344 427 525 498 vertentes,
548 413 704 510 quicquid
724 413 906 486 didicerunt
926 418 1018 513 pium
1039 420 1174 514 (puori),

144 537 149 548 ⁸
176 528 295 600 obnixe
321 541 433 624 tenent
459 525 578 611 adulti,
607 543 641 598 et
665 541 841 622 antequem
867 553 923 625 ee,
938 555 1036 625 .qune
1064 531 1174 602 dicun·

177 657 240 725 tur,
264 663 381 734 capere
401 637 541 724 valeant,
563 639 695 728 credere
716 664 753 709 se
773 639 951 726 affirmant,
979 659 1015 712 ut
1035 646 1122 712 enim
1142 660 1174 714 e't

175 768 277 849 poeta
291 749 448 836 meminit,
463 776 551 846 „quo
567 750 671 822 semel
685 767 735 822 est
750 751 875 821 imbuta
891 776 1017 837 recens,
1035 753 1175 824 servabit

175 865 313 940 odorem
332 878 416 932 testa
435 861 521 932 diu.“
544 870 575 952 ¹)
615 860 743 952 Quales
759 863 890 959 quidem
904 864 1173 960 philosophorum

175 977 309 1074 quidam
332 974 452 1069 arguit,
480 975 610 1044 diceus:
646 972 773 1060 „Neve,
796 975 824 1044 si
846 975 924 1071 quid
943 977 977 1046 in
996 977 1172 1072 puerilibus

175 1087 357 1184 disciplinis
386 1087 587 1183 acceperint,
624 1085 660 1156 id
693 1110 788 1156 sacro
817 1103 966 1158 sanctum
999 1089 1172 1183 judicetur!
1283 1127 1285 1132 v

174 1201 332 1306 quoniam
361 1199 491 1296 quidem
519 1224 572 1270 res
601 1197 721 1268 teneris
750 1199 881 1270 auribus
910 1202 1173 1272 accommodatus

174 1341 277 1410 saepe
295 1310 522 1410 philosophiae
548 1310 660 1397 senior
683 1327 837 1381 tractatus
863 1312 1043 1385 eliminat.“
1081 1311 1174 1404 Quid
1253 1303 1256 1313 '

175 1427 287 1504 enim?
312 1422 457 1494 mirabile
480 1439 540 1507 est,
561 1448 636 1491 cum
657 1450 717 1519 per
738 1440 881 1495 aetatum
903 1426 1020 1497 seriem
1042 1441 1075 1497 et
1095 1438 1175 1496 tem·

174 1547 294 1638 ‘porum
315 1534 570 1620 successionem,
596 1534 740 1604 humana
761 1535 795 1604 in
818 1537 941 1606 cunctis
964 1538 1062 1608 rebus
1085 1562 1174 1609 erea-

173 1653 216 1724 tis
238 1648 449 1744 intelligentia
469 1663 603 1731 crescat,
624 1646 659 1717 iu
678 1647 752 1734 lide,
775 1651 866 1743 cujus
890 1651 991 1721 errori
1012 1677 1175 1722 summum

172 1763 353 1862 periculum
374 1760 536 1846 imminet,
561 1758 670 1829 nullus
694 1775 744 1829 est
764 1759 951 1856 profectus?
988 1762 1048 1834 sed
1071 1787 1174 1859 aeque

174 1877 319 1948 minores
342 1889 379 1943 ut
400 1875 557 1967 majores,
587 1896 691 1968 oeque
713 1872 825 1942 rustici
851 1889 887 1942 ut
908 1873 1026 1945 literati
1047 1874 1089 1945 de
1112 1875 1177 1946 hac·

176 1988 295 2060 sentire
317 2000 522 2068 asseruntur,
551 1999 584 2054 et
604 1982 658 2052 ille
680 1983 882 2054 firmissimus
905 1985 939 2054 in
961 1986 1025 2057 lide
1049 1987 1176 2072 dicitur,

175 2101 233 2198 qui
245 2124 449 2169 communem
461 2094 574 2192 populi
590 2121 659 2165 non
672 2095 798 2164 excedit
808 2120 953 2166 sensum.
984 2095 1088 2188 Quod
1100 2122 1175 2194 pro-

174 2213 262 2283 fecto
283 2211 424 2299 idem(o)
444 2225 567 2279 certum
589 2223 638 2276 est
656 2207 814 2292 accidere,
839 2209 928 2304 quod
947 2209 1070 2279 nemini
1087 2209 1175 2305 opud

176 2352 258 2396 snos
289 2324 366 2421 quid
389 2323 431 2392 sit
454 2320 652 2391 credendum
673 2319 749 2390 licet
771 2320 948 2417 inquirere,
976 2349 1038 2392 nec
1061 2323 1102 2392 de
1125 2322 1174 2392 his

174 2463 263 2534 quae
289 2437 330 2506 ab
353 2433 504 2510 omnibus
528 2433 679 2504 dicuutur
706 2433 839 2528 impune
864 2433 1023 2504 dubitare.
1065 2433 1176 2506 Pudet

172 2574 318 2645 namque
341 2546 491 2618 homines
515 2545 555 2615 de
576 2545 681 2615 bisse
703 2547 907 2638 interrogari,
930 2546 970 2615 de
991 2545 1108 2641 quibus
1126 2572 1175 2615 re·

174 2662 340 2757 spondere
371 2687 441 2730 non
468 2657 641 2731 sufficiunt.
685 2654 792 2727 Nemo
816 2658 935 2753 quippe
964 2656 1101 2728 libenter
1123 2681 1176 2727 ac·
1248 2737 1252 2750 p

175 2775 281 2857 cedit,
311 2775 368 2868 qui
397 2773 438 2842 de
466 2770 608 2868 propriis
637 2768 755 2840 viribus
785 2769 916 2848 diffidit,
946 2785 984 2841 et,
1009 2769 1202 2840 ultronens'

175 2887 276 2958 currit
299 2885 342 2954 ad
363 2909 524 2980 pugnam,
554 2882 608 2979 qui
630 2879 785 2952 lictoriae
808 2898 918 2977 sperat
940 2881 1089 2974 gloriam.
1132 2881 1178 2950 lli

175 3001 277 3070 etiam
293 2997 330 3084 in
348 3012 471 3066 tantem
491 3020 590 3090 saepe
607 3010 823 3088 prorumpunt
839 2993 1013 3078 insaniam,
1033 3009 1070 3062 ut
1090 2993 1178 3089 quod

175 3139 214 3182 se
239 3136 307 3180 non
331 3134 431 3204 posse
453 3107 632 3201 intelligere
657 3108 865 3190 confitentur,
889 3105 1021 3175 credere
1044 3129 1080 3174 se
1101 3129 1177 3198 pro·

173 3224 259 3293 fiteri
287 3249 356 3292 non
386 3222 596 3303 erubescent,
624 3218 717 3314 quasi
747 3217 781 3287 iu
803 3217 985 3312 prolatione
1008 3216 1179 3288 verborum

173 3336 286 3431 potius
307 3359 405 3428 quam
425 3333 458 3401 in
480 3329 772 3426 comprehensione
791 3327 892 3398 animi
912 3329 993 3398 fides
1012 3329 1178 3414 consistat,
1284 3336 1289 3348 '
1341 3369 1343 3388 ·

176 3464 210 3518 ct
229 3447 296 3516 oris
317 3445 389 3539 ipsa
404 3444 446 3514 sit
465 3444 569 3537 magis
589 3469 686 3540 quam
703 3441 817 3514 cordis.
854 3439 924 3530 Qui
938 3442 1014 3511 hinc
1031 3466 1096 3536 qno
1111 3463 1178 3510 ma-

175 3561 262 3628 xime
286 3558 473 3651 gloriantur,
499 3582 572 3662 cum
595 3573 686 3625 tanta
708 3554 841 3624 credere
862 3554 1072 3643 vide(e)ntnr,
1096 3575 1178 3648 quae

176 3698 241 3742 nec
271 3697 329 3741 ore
359 3668 476 3739 disseri
503 3694 565 3738 uec
585 3683 695 3738 mente
722 3665 851 3762 concipi
881 3665 960 3761 (tol.
981 3675 1013 3744 3.
1034 3662 1098 3750 R.)
1124 3684 1178 3730 va·

178 3810 381 3838 *u*—

200 3922 236 3994 l)
253 3920 344 3981 Horat.
361 3921 413 4002 Ep.
424 3920 450 3992 l,
466 3925 498 3991 2,
516 3922 558 3978 69.
