2740 4486
1088 307 1121 394 ’ὅ

118 477 293 544 cordiam'
283 500 516 561 tmpcnsurum,
540 478 595 545 vsi
619 501 696 564 non,
720 479 774 546 vul
797 482 1011 550 succedamus
1023 484 1119 553 clm
1189 511 1205 578 ’χ
1325 507 1328 518 ·

89 651 91 657 ,
117 605 202 658 stum
224 591 322 678 hujus
344 591 402 656 vel
424 591 515 657 illius
537 605 686 658 staturae
715 593 839 676 fuisse,
870 595 924 661 vol
947 619 1031 679 ιιοιι,
1063 599 1119 666 vul

116 708 150 770 iu
174 703 236 770 hac
260 707 392 768 civitate
413 704 643 788 praedicasse,
665 706 719 771 vel
742 729 820 773 non.

200 817 241 881 Ei
263 819 363 904 igitur
384 819 440 900 qui
469 818 521 881 dc·
534 816 601 882 fids
624 817 664 882 nd
688 817 952 886 aedificationum
974 821 1121 908 loquitur

116 949 158 993 ca
180 927 254 993 sula
276 927 481 994 tractorc'a'c
502 925 621 994 docens
643 917 1031 1016 sufficitss‘quae,'·²si'‘uois
1047 957 1119 1000 cre·

117 1039 254 1120 dantsn,
277 1039 521 1106 damnationum
543 1043 685 1123 pariunt.
731 1043 827 1109 Hnoc
850 1059 959 1110 autem
982 1059 1120 1112 essunt

117 1151 298 1232 duntaxat,
330 1176 416 1237 quac
443 1153 485 1218 ad
515 1153 613 1218 iidem
636 1153 832 1222 catholicam
853 1170 1014 1240 spectant.
1059 1159 1119 1224 Est

116 1278 226 1331 autam
248 1266 333 1331 fidus
353 1263 518 1328 catholica
539 1265 563 1330 i.
587 1267 851 1348 anniversalis,
874 1289 958 1352 quac
978 1267 1027 1334 ita'
1049 1289 1118 1336 otn-

116 1379 212 1444 uibus
236 1379 424 1442 neccssaria
455 1388 524 1456 est,
557 1389 593 1439 ut
623 1396 720 1442 nsnto
750 1381 909 1444 discustos
932 1379 1055 1467 ubsque
1078 1404 1120 1448 sa

115 1490 240 1556 salvari
261 1493 377 1574 possit.
422 1487 486 1553 Vsl
516 1487 681 1554 catholica
701 1489 785 1554 fidas
809 1491 926 1556 dicitur
946 1495 1118 1568 univorsa·

12 1637 14 1644 ·
114 1603 270 1683 liuidus,
292 1603 421 1668 scilicet
443 1602 736 1687 quod‘nosunum
767 1602 849 1669 fucit
870 1604 925 1669 uei
946 1603 1034 1690 qdod
1057 1627 1119 1672 nos
1271 1635 1278 1656 x
1312 1609 1315 1616 '

115 1719 188 1782 unit
204 1715 302 1782 Deo.-
326 1717 423 1782 Undo
444 1715 662 1792 Athanasius,
687 1735 758 1780 cum
773 1719 1011 1798 praemisisset,
1036 1718 1120 1785 haec

122 1842 177 1895 est
198 1829 282 1894 fides
300 1829 477 1908 catholica,
500 1831 612 1893 statim
634 1826 715 1893 illud
739 1833 905 1912 aperiens„
925 1830 1012 1896 unda
1033 1831 1124 1898 dicta

116 1943 163 2006 sit
185 1942 362 2022 catholica,
387 1944 527 2010 addidit:
554 1941 661 2018 Quum
683 1944 748 2007 nisi
770 1945 908 2026 quisquc
929 1956 998 2008 otu..
1037 1943 1121 2010 Sunt

117 2065 170 2134 et,
203 2058 257 2139 qui
279 2055 384 2120 velint
406 2054 603 2124 catholicam
624 2034 723 2120 fidcin
746 2055 813 2119 dici
834 2055 876 2118 nd
899 2055 1120 2123 differentiam

115 2167 197 2234 fidei
220 2169 459 2235 haereticorum
482 2191 548 2234 non
570 2167 755 2254 ubicunque
778 2189 849 2236 cunt
872 2167 1020 2235 occissis
1036 2169 1119 2284 diia-

64 2309 80 2318 -
116 2293 228 2362 tatas,
250 2283 308 2348 sad
331 2284 425 2367 quasi
445 2284 480 2346 in
504 2281 626 2370 ungulo
648 2280 822 2346 latitantis
911 2319 914 2326 ·

522 2552 628 2637 Caput
648 2549 711 2616 ΙΙΙ.

328 2691 411 2746 circa
427 2705 499 2760 quas
516 2689 589 2744 fides
604 2686 745 2744 catholica
762 2688 915 2746 consistat*

203 2837 303 2902 Fidus
326 2847 436 2899 sutem
458 2832 622 2899 catholica
652 2834 771 2914 purtim
800 2834 888 2898 circa
909 2832 1013 2912 ipsam
1036 2823 1120 2898 divi·
1230 2867 1231 2875 ι

119 2952 442 3033 nitatisffnaturam
478 2948 595 3029 partim
629 2948 714 3010 circa
750 2945 862 3010 divina
893 2942 1055 3010 beneficia
1085 2955 1121 3008 ct

28 3069 35 3089 “
120 3069 333 3152 quascunque
357 3061 424 3126 Dei
445 3059 648 3124 rectissimas
673 3058 938 3138 dispensationes
958 3054 1012 3119 vol
1035 3054 1123 3120 ondi-

116 3180 270 3245 untiones
292 3177 455 3253 consistit,
479 3195 562 3257 quaa
585 3170 680 3238 uobis
705 3168 882 3254 diligenter.
896 3166 1120 3250 apostoloram

115 3289 175 3356 vel
198 3303 384 3354 sanctorum
414 3305 540 3370 patrum
573 3283 726 3368 symbolo
751 3295 828 3348 sunt
857 3301 1031 3364 expressas
1069 3281 1120 3346 Ao

115 3399 255 3490 primunt
278 3403 319 3466 dc
342 3402 405 3481 his,
432 3423 517 3484 quac
539 3397 583 3462 nd
604 3400 747 3462 divinam
770 3406 921 3460 naturam
941 3395 1119 3476 portinent,

118 3517 335 3592 disseramus.
380 3513 532 3590 Qualiter
565 3512 693 3577 scilicet
727 3489 766 3574 in·
790 3530 856 3574 una
884 3487 921 3572 ct
946 3510 981 3572 iu
1004 3507 1119 3573 eadem

115 3632 247 3714 penitus
278 3630 390 3694 divina
432 3627 618 3692 substantia
657 3637 724 3689 tros
752 3643 919 3707 personae·
946 3619 1120 3684 caedantur

117 3754 153 3807 st
175 3743 251 3827 quid
278 3744 314 3807 in
343 3762 408 3806 uno
431 3738 506 3805 Duo
535 3739 672 3803 sationis
704 3735 760 3800 voi
781 3735 936 3800 utilitatis
956 3732 1040 3797 haec
1061 3730 1121 3798 ha·

115 3855 196 3920 boat
234 3875 464 3938 personarum¹
488 3851 666 3918 distinctio.
720 3848 864 3916 Primum
898 3847 998 3934 igitur
1032 3841 1119 3909 itanc

117 3968 197 4034 fidei
219 3989 377 4033 summam
400 3965 441 4030 do
469 3965 596 4030 unitata
626 3961 756 4028 scilicet
777 3983 816 4028 ac
837 3961 987 4026 trinitate
1007 3957 1119 4028 diviua
