<?xml version="1.0" encoding="UTF-8"?>
<!DOCTYPE html PUBLIC "-//W3C//DTD XHTML 1.0 Transitional//EN"
    "http://www.w3.org/TR/xhtml1/DTD/xhtml1-transitional.dtd">
<html xmlns="http://www.w3.org/1999/xhtml" xml:lang="en" lang="en">
 <head>
  <title>
</title>
<meta http-equiv="Content-Type" content="text/html;charset=utf-8" />
  <meta name='ocr-system' content='tesseract 3.04.00' />
  <meta name='ocr-capabilities' content='ocr_page ocr_carea ocr_par ocr_line ocrx_word'/>
</head>
<body>
  <div class='ocr_page' id='page_1' title='image "./dialogusinterph00abelgoog_0230.png"; bbox 0 0 2740 4486; ppageno 0'>
   <div class='ocr_carea' id='block_1_1' title="bbox 258 425 1320 1757">
    <p class='ocr_par' dir='ltr' id='par_1_1' title="bbox 258 425 1320 1757">
     <span class='ocr_line' id='line_1_1' title="bbox 262 425 1260 514; baseline -0.001 -16"><span class='ocrx_word' id='word_1_1' title='bbox 262 433 391 514; x_wconf 73' lang='lat' dir='ltr'><strong>aionem</strong></span> <span class='ocrx_word' id='word_1_2' title='bbox 412 449 489 496; x_wconf 76' lang='lat' dir='ltr'><strong>earo</strong></span> <span class='ocrx_word' id='word_1_3' title='bbox 509 447 530 498; x_wconf 85' lang='lat' dir='ltr'><strong>a</strong></span> <span class='ocrx_word' id='word_1_4' title='bbox 550 425 622 495; x_wconf 87' lang='lat' dir='ltr'><strong>fliio</strong></span> <span class='ocrx_word' id='word_1_5' title='bbox 644 449 772 512; x_wconf 86' lang='lat' dir='ltr'><strong>quoque</strong></span> <span class='ocrx_word' id='word_1_6' title='bbox 795 441 829 492; x_wconf 86' lang='lat' dir='ltr'><strong>et</strong></span> <span class='ocrx_word' id='word_1_7' title='bbox 842 429 990 508; x_wconf 83' lang='lat' dir='ltr'><strong>credere,</strong></span> <span class='ocrx_word' id='word_1_8' title='bbox 1012 441 1046 492; x_wconf 85' lang='lat' dir='ltr'><strong>et</strong></span> <span class='ocrx_word' id='word_1_9' title='bbox 1059 430 1260 512; x_wconf 69' lang='lat' dir='ltr'><strong>praedicare,</strong></span> 
     </span>
     <span class='ocr_line' id='line_1_2' title="bbox 261 543 1262 627; baseline -0.001 -18"><span class='ocrx_word' id='word_1_10' title='bbox 261 543 401 610; x_wconf 80' lang='lat' dir='ltr'><strong>Romam</strong></span> <span class='ocrx_word' id='word_1_11' title='bbox 421 563 521 627; x_wconf 76' lang='lat' dir='ltr'><strong>caepe</strong></span> <span class='ocrx_word' id='word_1_12' title='bbox 542 557 703 610; x_wconf 77' lang='lat' dir='ltr'><strong>venerunt</strong></span> <span class='ocrx_word' id='word_1_13' title='bbox 724 555 758 606; x_wconf 87' lang='lat' dir='ltr'><strong>et</strong></span> <span class='ocrx_word' id='word_1_14' title='bbox 772 543 918 608; x_wconf 87' lang='lat' dir='ltr'><strong>maxime</strong></span> <span class='ocrx_word' id='word_1_15' title='bbox 933 543 969 605; x_wconf 92' lang='lat' dir='ltr'><strong>in</strong></span> <span class='ocrx_word' id='word_1_16' title='bbox 985 553 1129 624; x_wconf 82' lang='lat' dir='ltr'><strong>ternpore</strong></span> <span class='ocrx_word' id='word_1_17' title='bbox 1141 543 1262 608; x_wconf 76' lang='lat' dir='ltr'><strong>Paron-</strong></span> 
     </span>
     <span class='ocr_line' id='line_1_3' title="bbox 262 643 1297 740; baseline 0 -18"><span class='ocrx_word' id='word_1_18' title='bbox 262 657 324 737; x_wconf 82' lang='lat' dir='ltr'><strong>aii,</strong></span> <span class='ocrx_word' id='word_1_19' title='bbox 346 657 509 722; x_wconf 79' lang='lat' dir='ltr'><strong>dicenter:</strong></span> <span class='ocrx_word' id='word_1_20' title='bbox 526 677 578 740; x_wconf 36' lang='lat' dir='ltr'><strong>,ao</strong></span> <span class='ocrx_word' id='word_1_21' title='bbox 600 677 676 722; x_wconf 80' lang='lat' dir='ltr'><strong>ease</strong></span> <span class='ocrx_word' id='word_1_22' title='bbox 697 668 831 738; x_wconf 79' lang='lat' dir='ltr'><strong>paratos</strong></span> <span class='ocrx_word' id='word_1_23' title='bbox 857 643 1043 722; x_wconf 80' lang='lat' dir='ltr'><strong>rationibua</strong></span> <span class='ocrx_word' id='word_1_24' title='bbox 1065 668 1099 720; x_wconf 84' lang='lat' dir='ltr'><strong>et</strong></span> <span class='ocrx_word' id='word_1_25' title='bbox 1121 659 1259 723; x_wconf 83' lang='lat' dir='ltr'><strong>auetori-</strong></span> <span class='ocrx_word' id='word_1_26' title='bbox 1296 695 1297 700; x_wconf 21' lang='grc' dir='ltr'><strong>κ</strong></span> 
     </span>
     <span class='ocr_line' id='line_1_4' title="bbox 262 767 1259 851; baseline -0.003 -16"><span class='ocrx_word' id='word_1_27' title='bbox 262 767 397 851; x_wconf 74' lang='lat' dir='ltr'><strong>tatibus,</strong></span> <span class='ocrx_word' id='word_1_28' title='bbox 419 767 585 834; x_wconf 83' lang='lat' dir='ltr'><strong>Romanoa</strong></span> <span class='ocrx_word' id='word_1_29' title='bbox 608 791 682 834; x_wconf 80' lang='lat' dir='ltr'><strong>esse</strong></span> <span class='ocrx_word' id='word_1_30' title='bbox 695 771 996 833; x_wconf 77' lang='lat' dir='ltr'><strong>excommunicator</strong></span> <span class='ocrx_word' id='word_1_31' title='bbox 1020 782 1053 833; x_wconf 90' lang='lat' dir='ltr'><strong>et</strong></span> <span class='ocrx_word' id='word_1_32' title='bbox 1074 768 1259 836; x_wconf 72' lang='lat' dir='ltr'><strong>haeretico·</strong></span> 
     </span>
     <span class='ocr_line' id='line_1_5' title="bbox 262 881 1261 966; baseline -0.002 -18"><span class='ocrx_word' id='word_1_33' title='bbox 262 883 487 964; x_wconf 69' lang='lat' dir='ltr'><strong>comprobare.</strong></span> <span class='ocrx_word' id='word_1_34' title='bbox 531 885 574 948; x_wconf 86' lang='lat' dir='ltr'><strong>Et</strong></span> <span class='ocrx_word' id='word_1_35' title='bbox 607 905 678 948; x_wconf 87' lang='lat' dir='ltr'><strong>cnm</strong></span> <span class='ocrx_word' id='word_1_36' title='bbox 708 903 793 966; x_wconf 85' lang='lat' dir='ltr'><strong>papa</strong></span> <span class='ocrx_word' id='word_1_37' title='bbox 816 885 865 946; x_wconf 79' lang='lat' dir='ltr'><strong>eir</strong></span> <span class='ocrx_word' id='word_1_38' title='bbox 885 881 979 946; x_wconf 81' lang='lat' dir='ltr'><strong>daret</strong></span> <span class='ocrx_word' id='word_1_39' title='bbox 999 883 1148 947; x_wconf 73' lang='lat' dir='ltr'><strong>induciae</strong></span> <span class='ocrx_word' id='word_1_40' title='bbox 1170 893 1206 945; x_wconf 86' lang='lat' dir='ltr'><strong>nt</strong></span> <span class='ocrx_word' id='word_1_41' title='bbox 1226 883 1261 946; x_wconf 87' lang='lat' dir='ltr'><strong>in</strong></span> 
     </span>
     <span class='ocr_line' id='line_1_6' title="bbox 262 993 1320 1078; baseline -0.004 -18"><span class='ocrx_word' id='word_1_42' title='bbox 262 999 438 1061; x_wconf 73' lang='lat' dir='ltr'><strong>erastinum</strong></span> <span class='ocrx_word' id='word_1_43' title='bbox 475 999 582 1078; x_wconf 81' lang='lat' dir='ltr'><strong>parati</strong></span> <span class='ocrx_word' id='word_1_44' title='bbox 614 995 752 1078; x_wconf 81' lang='lat' dir='ltr'><strong>probare</strong></span> <span class='ocrx_word' id='word_1_45' title='bbox 789 998 1021 1074; x_wconf 86' lang='lat' dir='ltr'><strong>convenirent,</strong></span> <span class='ocrx_word' id='word_1_46' title='bbox 1055 1007 1089 1058; x_wconf 84' lang='lat' dir='ltr'><strong>et</strong></span> <span class='ocrx_word' id='word_1_47' title='bbox 1122 993 1174 1058; x_wconf 90' lang='lat' dir='ltr'><strong>illi</strong></span> <span class='ocrx_word' id='word_1_48' title='bbox 1202 1015 1262 1074; x_wconf 87' lang='lat' dir='ltr'><strong>pro</strong></span> <span class='ocrx_word' id='word_1_49' title='bbox 1318 1027 1320 1032; x_wconf 96' lang='lat'>·</span> 
     </span>
     <span class='ocr_line' id='line_1_7' title="bbox 262 1100 1261 1198; baseline -0.006 -22"><span class='ocrx_word' id='word_1_50' title='bbox 262 1109 436 1198; x_wconf 76' lang='lat' dir='ltr'><strong>apostolici</strong></span> <span class='ocrx_word' id='word_1_51' title='bbox 449 1100 601 1174; x_wconf 57' lang='lat' dir='ltr'><strong>&#39;coneilio</strong></span> <span class='ocrx_word' id='word_1_52' title='bbox 635 1111 669 1173; x_wconf 93' lang='lat' dir='ltr'><strong>in</strong></span> <span class='ocrx_word' id='word_1_53' title='bbox 692 1111 870 1173; x_wconf 78' lang='lat' dir='ltr'><strong>crastinum</strong></span> <span class='ocrx_word' id='word_1_54' title='bbox 899 1109 940 1172; x_wconf 83' lang='lat' dir='ltr'><strong>ad</strong></span> <span class='ocrx_word' id='word_1_55' title='bbox 963 1106 1027 1172; x_wconf 82' lang='lat' dir='ltr'><strong>hoo</strong></span> <span class='ocrx_word' id='word_1_56' title='bbox 1046 1110 1154 1191; x_wconf 79' lang='lat' dir='ltr'><strong>parati</strong></span> <span class='ocrx_word' id='word_1_57' title='bbox 1174 1106 1261 1170; x_wconf 86' lang='lat' dir='ltr'><strong>rodi·</strong></span> 
     </span>
     <span class='ocr_line' id='line_1_8' title="bbox 260 1217 1262 1300; baseline -0.003 -14"><span class='ocrx_word' id='word_1_58' title='bbox 260 1233 353 1300; x_wconf 85' lang='lat' dir='ltr'><strong>rent,</strong></span> <span class='ocrx_word' id='word_1_59' title='bbox 377 1222 483 1286; x_wconf 88' lang='lat' dir='ltr'><strong>noluit</strong></span> <span class='ocrx_word' id='word_1_60' title='bbox 505 1234 703 1287; x_wconf 80' lang='lat' dir='ltr'><strong>memoratus</strong></span> <span class='ocrx_word' id='word_1_61' title='bbox 727 1223 864 1290; x_wconf 83' lang='lat' dir='ltr'><strong>antiatea</strong></span> <span class='ocrx_word' id='word_1_62' title='bbox 887 1223 1145 1288; x_wconf 71' lang='lat' dir='ltr'><strong>controversiam</strong></span> <span class='ocrx_word' id='word_1_63' title='bbox 1162 1217 1262 1283; x_wconf 81' lang='lat' dir='ltr'><strong>iilam</strong></span> 
     </span>
     <span class='ocr_line' id='line_1_9' title="bbox 258 1329 1264 1415; baseline -0.004 -17"><span class='ocrx_word' id='word_1_64' title='bbox 258 1335 387 1415; x_wconf 84' lang='lat' dir='ltr'><strong>audire,</strong></span> <span class='ocrx_word' id='word_1_65' title='bbox 409 1337 526 1400; x_wconf 76' lang='lat' dir='ltr'><strong>timens</strong></span> <span class='ocrx_word' id='word_1_66' title='bbox 550 1335 733 1399; x_wconf 83' lang='lat' dir='ltr'><strong>&#39;calliditate</strong></span> <span class='ocrx_word' id='word_1_67' title='bbox 756 1346 789 1399; x_wconf 89' lang='lat' dir='ltr'><strong>et</strong></span> <span class='ocrx_word' id='word_1_68' title='bbox 808 1329 955 1403; x_wconf 74' lang='lat' dir='ltr'><strong>verentia</strong></span> <span class='ocrx_word' id='word_1_69' title='bbox 972 1332 1172 1398; x_wconf 88' lang='lat' dir='ltr'><strong>Graecorum</strong></span> <span class='ocrx_word' id='word_1_70' title='bbox 1195 1330 1264 1395; x_wconf 83' lang='lat' dir='ltr'><strong>Ro·</strong></span> 
     </span>
     <span class='ocr_line' id='line_1_10' title="bbox 260 1445 1263 1533; baseline -0.006 -21"><span class='ocrx_word' id='word_1_71' title='bbox 260 1466 378 1512; x_wconf 83' lang='lat' dir='ltr'><strong>manca</strong></span> <span class='ocrx_word' id='word_1_72' title='bbox 400 1450 547 1530; x_wconf 77' lang='lat' dir='ltr'><strong>superari</strong></span> <span class='ocrx_word' id='word_1_73' title='bbox 569 1461 667 1513; x_wconf 88' lang='lat' dir='ltr'><strong>etex</strong></span> <span class='ocrx_word' id='word_1_74' title='bbox 689 1447 754 1512; x_wconf 89' lang='lat' dir='ltr'><strong>hoc</strong></span> <span class='ocrx_word' id='word_1_75' title='bbox 775 1468 904 1533; x_wconf 88' lang='lat' dir='ltr'><strong>quoque</strong></span> <span class='ocrx_word' id='word_1_76' title='bbox 922 1449 1098 1514; x_wconf 83' lang='lat' dir='ltr'><strong>rnnximum</strong></span> <span class='ocrx_word' id='word_1_77' title='bbox 1120 1445 1207 1509; x_wconf 82' lang='lat' dir='ltr'><strong>forte</strong></span> <span class='ocrx_word' id='word_1_78' title='bbox 1228 1445 1263 1507; x_wconf 88' lang='lat' dir='ltr'><strong>in</strong></span> 
     </span>
     <span class='ocr_line' id='line_1_11' title="bbox 262 1554 1264 1658; baseline -0.004 -36"><span class='ocrx_word' id='word_1_79' title='bbox 262 1558 405 1658; x_wconf 71' lang='lat' dir='ltr'><strong>eeclesia</strong></span> <span class='ocrx_word' id='word_1_80' title='bbox 438 1557 580 1626; x_wconf 78' lang='lat' dir='ltr'><strong>suboriri</strong></span> <span class='ocrx_word' id='word_1_81' title='bbox 611 1560 803 1642; x_wconf 84' lang='lat' dir='ltr'><strong>periculum.</strong></span> <span class='ocrx_word' id='word_1_82' title='bbox 848 1557 915 1622; x_wconf 84' lang='lat' dir='ltr'><strong>Sed</strong></span> <span class='ocrx_word' id='word_1_83' title='bbox 951 1571 984 1622; x_wconf 88' lang='lat' dir='ltr'><strong>ct</strong></span> <span class='ocrx_word' id='word_1_84' title='bbox 1013 1557 1152 1622; x_wconf 79' lang='lat' dir='ltr'><strong>Graecis</strong></span> <span class='ocrx_word' id='word_1_85' title='bbox 1184 1554 1264 1619; x_wconf 87' lang='lat' dir='ltr'><strong>inde</strong></span> 
     </span>
     <span class='ocr_line' id='line_1_12' title="bbox 261 1671 1264 1757; baseline -0.003 -21"><span class='ocrx_word' id='word_1_86' title='bbox 261 1671 363 1738; x_wconf 76' lang='lat' dir='ltr'><strong>focile</strong></span> <span class='ocrx_word' id='word_1_87' title='bbox 386 1676 578 1757; x_wconf 84' lang='lat' dir='ltr'><strong>responderi</strong></span> <span class='ocrx_word' id='word_1_88' title='bbox 602 1688 636 1739; x_wconf 88' lang='lat' dir='ltr'><strong>et</strong></span> <span class='ocrx_word' id='word_1_89' title='bbox 657 1686 705 1739; x_wconf 78' lang='grc' dir='ltr'><strong>ιιι</strong></span> <span class='ocrx_word' id='word_1_90' title='bbox 731 1695 826 1753; x_wconf 76' lang='lat' dir='ltr'><strong>erae,</strong></span> <span class='ocrx_word' id='word_1_91' title='bbox 857 1671 1106 1738; x_wconf 70' lang='lat' dir='ltr'><strong>auctoritaribus</strong></span> <span class='ocrx_word' id='word_1_92' title='bbox 1129 1684 1264 1735; x_wconf 77' lang='lat' dir='ltr'><strong>nancto·</strong></span> 
     </span>
    </p>
   </div>
   <div class='ocr_carea' id='block_1_2' title="bbox 163 1786 1292 1884">
    <p class='ocr_par' dir='ltr' id='par_1_2' title="bbox 163 1786 1292 1884">
     <span class='ocr_line' id='line_1_13' title="bbox 163 1786 1292 1884; baseline -0.001 -33"><span class='ocrx_word' id='word_1_93' title='bbox 163 1815 170 1826; x_wconf 94' lang='lat'>·</span> <span class='ocrx_word' id='word_1_94' title='bbox 260 1807 332 1852; x_wconf 85' lang='lat' dir='ltr'><strong>rum</strong></span> <span class='ocrx_word' id='word_1_95' title='bbox 354 1801 464 1871; x_wconf 79' lang='lat' dir='ltr'><strong>potest</strong></span> <span class='ocrx_word' id='word_1_96' title='bbox 494 1789 709 1871; x_wconf 83' lang='lat' dir='ltr'><strong>comprobari.</strong></span> <span class='ocrx_word' id='word_1_97' title='bbox 738 1789 791 1884; x_wconf 59' lang='lat' dir='ltr'><strong>,si</strong></span> <span class='ocrx_word' id='word_1_98' title='bbox 815 1789 1014 1854; x_wconf 85' lang='lat' dir='ltr'><strong>Graecorum</strong></span> <span class='ocrx_word' id='word_1_99' title='bbox 1044 1799 1197 1852; x_wconf 72' lang='lat' dir='ltr'><strong>auctores</strong></span> <span class='ocrx_word' id='word_1_100' title='bbox 1228 1786 1292 1868; x_wconf 80' lang='lat' dir='ltr'><strong>iu¹</strong></span> 
     </span>
    </p>
   </div>
   <div class='ocr_carea' id='block_1_3' title="bbox 222 1899 1358 3690">
    <p class='ocr_par' dir='ltr' id='par_1_3' title="bbox 222 1899 1358 3690">
     <span class='ocr_line' id='line_1_14' title="bbox 260 1899 1358 1984; baseline -0.004 -20"><span class='ocrx_word' id='word_1_101' title='bbox 260 1899 322 1965; x_wconf 86' lang='lat' dir='ltr'><strong>illa</strong></span> <span class='ocrx_word' id='word_1_102' title='bbox 345 1904 683 1966; x_wconf 77' lang='lat' dir='ltr'><strong>excommunicatione</strong></span> <span class='ocrx_word' id='word_1_103' title='bbox 716 1902 805 1966; x_wconf 81' lang='lat' dir='ltr'><strong>aliud</strong></span> <span class='ocrx_word' id='word_1_104' title='bbox 838 1923 896 1984; x_wconf 89' lang='lat' dir='ltr'><strong>pro</strong></span> <span class='ocrx_word' id='word_1_105' title='bbox 930 1903 1034 1964; x_wconf 88' lang='lat' dir='ltr'><strong>diviso</strong></span> <span class='ocrx_word' id='word_1_106' title='bbox 1059 1913 1092 1964; x_wconf 89' lang='lat' dir='ltr'><strong>et</strong></span> <span class='ocrx_word' id='word_1_107' title='bbox 1115 1920 1181 1964; x_wconf 93' lang='lat' dir='ltr'><strong>non</strong></span> <span class='ocrx_word' id='word_1_108' title='bbox 1203 1921 1265 1982; x_wconf 88' lang='lat' dir='ltr'><strong>pro</strong></span> <span class='ocrx_word' id='word_1_109' title='bbox 1357 1899 1358 1904; x_wconf 72' lang='grc'>’</span> 
     </span>
     <span class='ocr_line' id='line_1_15' title="bbox 262 1993 1358 2103; baseline -0.002 -26"><span class='ocrx_word' id='word_1_110' title='bbox 262 1993 801 2099; x_wconf 55' lang='lat' dir='ltr'><strong>contrarioposuerun&#39;t‚joonstat,&#39;</strong></span> <span class='ocrx_word' id='word_1_111' title='bbox 813 2034 942 2092; x_wconf 68' lang='lat' dir='ltr'><strong>omnen,</strong></span> <span class='ocrx_word' id='word_1_112' title='bbox 967 2015 1021 2103; x_wconf 85' lang='lat' dir='ltr'><strong>qui</strong></span> <span class='ocrx_word' id='word_1_113' title='bbox 1038 1997 1159 2076; x_wconf 79' lang='lat' dir='ltr'><strong>devita</strong></span> <span class='ocrx_word' id='word_1_114' title='bbox 1171 2001 1266 2076; x_wconf 79' lang='lat' dir='ltr'><strong>beati</strong></span> <span class='ocrx_word' id='word_1_115' title='bbox 1356 2081 1358 2088; x_wconf 26' lang='lat'><strong><em>¹</em></strong></span> 
     </span>
     <span class='ocr_line' id='line_1_16' title="bbox 259 2113 1266 2210; baseline -0.002 -20"><span class='ocrx_word' id='word_1_116' title='bbox 259 2123 400 2190; x_wconf 86' lang='lat' dir='ltr'><strong>Martini</strong></span> <span class='ocrx_word' id='word_1_117' title='bbox 432 2123 487 2192; x_wconf 71' lang='lat' dir='ltr'><strong>&#39;vel</strong></span> <span class='ocrx_word' id='word_1_118' title='bbox 518 2127 655 2193; x_wconf 79' lang='lat' dir='ltr'><strong>citerius</strong></span> <span class='ocrx_word' id='word_1_119' title='bbox 684 2127 797 2192; x_wconf 77' lang='lat' dir='ltr'><strong>Sancti</strong></span> <span class='ocrx_word' id='word_1_120' title='bbox 824 2130 858 2191; x_wconf 91' lang='lat' dir='ltr'><strong>in</strong></span> <span class='ocrx_word' id='word_1_121' title='bbox 882 2125 1025 2192; x_wconf 88' lang='lat' dir='ltr'><strong>ecclesia</strong></span> <span class='ocrx_word' id='word_1_122' title='bbox 1057 2113 1266 2210; x_wconf 81' lang='lat' dir='ltr'><strong>praedicant,</strong></span> 
     </span>
     <span class='ocr_line' id='line_1_17' title="bbox 261 2238 1267 2325; baseline -0.001 -22"><span class='ocrx_word' id='word_1_123' title='bbox 261 2244 560 2304; x_wconf 82' lang='lat' dir='ltr'><strong>excommunicatos</strong></span> <span class='ocrx_word' id='word_1_124' title='bbox 594 2263 681 2306; x_wconf 80' lang='lat' dir='ltr'><strong>ease.</strong></span> <span class='ocrx_word' id='word_1_125' title='bbox 738 2241 815 2324; x_wconf 82' lang='lat' dir='ltr'><strong>ipae</strong></span> <span class='ocrx_word' id='word_1_126' title='bbox 846 2263 976 2325; x_wconf 88' lang='lat' dir='ltr'><strong>quoquo</strong></span> <span class='ocrx_word' id='word_1_127' title='bbox 1010 2239 1162 2305; x_wconf 71' lang='lat' dir='ltr'><strong>Christo·</strong></span> <span class='ocrx_word' id='word_1_128' title='bbox 1200 2238 1267 2302; x_wconf 87' lang='lat' dir='ltr'><strong>hoo</strong></span> 
     </span>
     <span class='ocr_line' id='line_1_18' title="bbox 261 2353 1269 2435; baseline 0 -17"><span class='ocrx_word' id='word_1_129' title='bbox 261 2353 470 2418; x_wconf 79' lang='lat' dir='ltr'><strong>anathemate</strong></span> <span class='ocrx_word' id='word_1_130' title='bbox 493 2356 663 2434; x_wconf 86' lang='lat' dir='ltr'><strong>feriretur,</strong></span> <span class='ocrx_word' id='word_1_131' title='bbox 697 2379 770 2421; x_wconf 86' lang='lat' dir='ltr'><strong>oum</strong></span> <span class='ocrx_word' id='word_1_132' title='bbox 794 2357 931 2435; x_wconf 80' lang='lat' dir='ltr'><strong>dixerit,</strong></span> <span class='ocrx_word' id='word_1_133' title='bbox 963 2358 1083 2420; x_wconf 86' lang='lat' dir='ltr'><strong>dictum</strong></span> <span class='ocrx_word' id='word_1_134' title='bbox 1105 2366 1158 2419; x_wconf 82' lang='lat' dir='ltr'><strong>est</strong></span> <span class='ocrx_word' id='word_1_135' title='bbox 1179 2356 1269 2418; x_wconf 88' lang='lat' dir='ltr'><strong>anti·</strong></span> 
     </span>
     <span class='ocr_line' id='line_1_19' title="bbox 261 2465 1358 2554; baseline 0.002 -26"><span class='ocrx_word' id='word_1_136' title='bbox 261 2468 334 2549; x_wconf 79' lang='lat' dir='ltr'><strong>quis</strong></span> <span class='ocrx_word' id='word_1_137' title='bbox 357 2488 422 2530; x_wconf 91' lang='lat' dir='ltr'><strong>non</strong></span> <span class='ocrx_word' id='word_1_138' title='bbox 445 2470 587 2546; x_wconf 84' lang='lat' dir='ltr'><strong>occides,</strong></span> <span class='ocrx_word' id='word_1_139' title='bbox 612 2491 675 2554; x_wconf 85' lang='lat' dir='ltr'><strong>ego</strong></span> <span class='ocrx_word' id='word_1_140' title='bbox 699 2481 807 2534; x_wconf 86' lang='lat' dir='ltr'><strong>antem</strong></span> <span class='ocrx_word' id='word_1_141' title='bbox 829 2468 904 2534; x_wconf 89' lang='lat' dir='ltr'><strong>dico</strong></span> <span class='ocrx_word' id='word_1_142' title='bbox 927 2468 1041 2547; x_wconf 82' lang='lat' dir='ltr'><strong>vobis,</strong></span> <span class='ocrx_word' id='word_1_143' title='bbox 1066 2470 1121 2551; x_wconf 92' lang='lat' dir='ltr'><strong>qui</strong></span> <span class='ocrx_word' id='word_1_144' title='bbox 1142 2467 1270 2532; x_wconf 79' lang='lat' dir='ltr'><strong>dixerit</strong></span> <span class='ocrx_word' id='word_1_145' title='bbox 1357 2465 1358 2478; x_wconf 56' lang='lat'>¹</span> 
     </span>
     <span class='ocr_line' id='line_1_20' title="bbox 259 2577 1358 2666; baseline 0.008 -26"><span class='ocrx_word' id='word_1_146' title='bbox 259 2577 355 2642; x_wconf 80' lang='lat' dir='ltr'><strong>fratri</strong></span> <span class='ocrx_word' id='word_1_147' title='bbox 384 2601 443 2642; x_wconf 80' lang='lat' dir='ltr'><strong>suo</strong></span> <span class='ocrx_word' id='word_1_148' title='bbox 470 2579 573 2645; x_wconf 78' lang='lat' dir='ltr'><strong>racha</strong></span> <span class='ocrx_word' id='word_1_149' title='bbox 602 2594 636 2644; x_wconf 86' lang='lat' dir='ltr'><strong>et</strong></span> <span class='ocrx_word' id='word_1_150' title='bbox 664 2591 815 2646; x_wconf 86' lang='lat' dir='ltr'><strong>caetera.&#39;</strong></span> <span class='ocrx_word' id='word_1_151' title='bbox 854 2580 946 2645; x_wconf 89' lang='lat' dir='ltr'><strong>Dicit</strong></span> <span class='ocrx_word' id='word_1_152' title='bbox 976 2579 1268 2666; x_wconf 72' lang='lat' dir='ltr'><strong>namquel‘aulua</strong></span> <span class='ocrx_word' id='word_1_153' title='bbox 1357 2657 1358 2662; x_wconf 9' lang='grc' dir='ltr'>η</span> 
     </span>
     <span class='ocr_line' id='line_1_21' title="bbox 222 2689 1271 2778; baseline 0.006 -25"><span class='ocrx_word' id='word_1_154' title='bbox 222 2725 223 2734; x_wconf 47' lang='lat'>1</span> <span class='ocrx_word' id='word_1_155' title='bbox 261 2689 485 2756; x_wconf 65' lang='lat' dir='ltr'><strong>ad&#39;Galatae:</strong></span> <span class='ocrx_word' id='word_1_156' title='bbox 517 2696 546 2756; x_wconf 79' lang='lat' dir='ltr'><strong>ai</strong></span> <span class='ocrx_word' id='word_1_157' title='bbox 577 2697 647 2778; x_wconf 82' lang='lat' dir='ltr'><strong>quis</strong></span> <span class='ocrx_word' id='word_1_158' title='bbox 671 2693 764 2759; x_wconf 85' lang='lat' dir='ltr'><strong>vobis</strong></span> <span class='ocrx_word' id='word_1_159' title='bbox 786 2695 1027 2777; x_wconf 77' lang='lat' dir='ltr'><strong>praedicaverit</strong></span> <span class='ocrx_word' id='word_1_160' title='bbox 1049 2696 1140 2760; x_wconf 81' lang='lat' dir='ltr'><strong>aliud</strong></span> <span class='ocrx_word' id='word_1_161' title='bbox 1161 2717 1271 2760; x_wconf 82' lang='lat' dir='ltr'><strong>evan-</strong></span> 
     </span>
     <span class='ocr_line' id='line_1_22' title="bbox 260 2775 1271 2896; baseline 0.008 -30"><span class='ocrx_word' id='word_1_162' title='bbox 260 2801 396 2890; x_wconf 75' lang='lat' dir='ltr'><strong>goliam,</strong></span> <span class='ocrx_word' id='word_1_163' title='bbox 421 2775 603 2888; x_wconf 55' lang='lat' dir='ltr'><strong>quemme</strong></span> <span class='ocrx_word' id='word_1_164' title='bbox 626 2809 711 2890; x_wconf 91' lang='lat' dir='ltr'><strong>quod</strong></span> <span class='ocrx_word' id='word_1_165' title='bbox 734 2829 796 2895; x_wconf 85' lang='lat' dir='ltr'><strong>ego</strong></span> <span class='ocrx_word' id='word_1_166' title='bbox 819 2810 986 2892; x_wconf 87' lang='lat' dir='ltr'><strong>praedico,</strong></span> <span class='ocrx_word' id='word_1_167' title='bbox 1014 2822 1049 2873; x_wconf 89' lang='lat' dir='ltr'><strong>et</strong></span> <span class='ocrx_word' id='word_1_168' title='bbox 1071 2812 1099 2872; x_wconf 82' lang='lat' dir='ltr'><strong>ai</strong></span> <span class='ocrx_word' id='word_1_169' title='bbox 1123 2808 1271 2896; x_wconf 79' lang='lat' dir='ltr'><strong>angeiuo</strong></span> 
     </span>
     <span class='ocr_line' id='line_1_23' title="bbox 259 2915 1272 3005; baseline 0.007 -25"><span class='ocrx_word' id='word_1_170' title='bbox 259 2915 361 2980; x_wconf 80' lang='lat' dir='ltr'><strong>suerit</strong></span> <span class='ocrx_word' id='word_1_171' title='bbox 382 2916 423 2980; x_wconf 96' lang='lat' dir='ltr'><strong>de</strong></span> <span class='ocrx_word' id='word_1_172' title='bbox 445 2919 560 2994; x_wconf 85' lang='lat' dir='ltr'><strong>coelo,</strong></span> <span class='ocrx_word' id='word_1_173' title='bbox 590 2921 766 2986; x_wconf 85' lang='lat' dir='ltr'><strong>anathema</strong></span> <span class='ocrx_word' id='word_1_174' title='bbox 788 2925 844 2986; x_wconf 81' lang='lat' dir='ltr'><strong>sit.</strong></span> <span class='ocrx_word' id='word_1_175' title='bbox 887 2923 931 2987; x_wconf 87' lang='lat' dir='ltr'><strong>Et</strong></span> <span class='ocrx_word' id='word_1_176' title='bbox 953 2921 1092 3005; x_wconf 71' lang='lat' dir='ltr'><strong>Moyses</strong></span> <span class='ocrx_word' id='word_1_177' title='bbox 1114 2923 1149 2985; x_wconf 90' lang='lat' dir='ltr'><strong>in</strong></span> <span class='ocrx_word' id='word_1_178' title='bbox 1171 2922 1272 2987; x_wconf 84' lang='lat' dir='ltr'><strong>Deu-</strong></span> 
     </span>
     <span class='ocr_line' id='line_1_24' title="bbox 260 3033 1274 3117; baseline 0.003 -20"><span class='ocrx_word' id='word_1_179' title='bbox 260 3034 461 3097; x_wconf 78' lang='lat' dir='ltr'><strong>teronomio:</strong></span> <span class='ocrx_word' id='word_1_180' title='bbox 487 3033 669 3117; x_wconf 64' lang='lat' dir='ltr'><strong>quicunque</strong></span> <span class='ocrx_word' id='word_1_181' title='bbox 691 3035 791 3098; x_wconf 77' lang='lat' dir='ltr'><strong>addet</strong></span> <span class='ocrx_word' id='word_1_182' title='bbox 811 3034 946 3099; x_wconf 86' lang='lat' dir='ltr'><strong>verbum</strong></span> <span class='ocrx_word' id='word_1_183' title='bbox 967 3035 1058 3100; x_wconf 84' lang='lat' dir='ltr'><strong>alind</strong></span> <span class='ocrx_word' id='word_1_184' title='bbox 1080 3035 1136 3099; x_wconf 85' lang='lat' dir='ltr'><strong>vei</strong></span> <span class='ocrx_word' id='word_1_185' title='bbox 1157 3049 1274 3100; x_wconf 81' lang='lat' dir='ltr'><strong>mutu·</strong></span> 
     </span>
     <span class='ocr_line' id='line_1_25' title="bbox 259 3149 1271 3238; baseline -0.007 -20"><span class='ocrx_word' id='word_1_186' title='bbox 259 3151 320 3232; x_wconf 87' lang='lat' dir='ltr'><strong>bit,</strong></span> <span class='ocrx_word' id='word_1_187' title='bbox 345 3151 538 3220; x_wconf 85' lang='lat' dir='ltr'><strong>maledictus</strong></span> <span class='ocrx_word' id='word_1_188' title='bbox 561 3157 614 3218; x_wconf 83' lang='lat' dir='ltr'><strong>ait.</strong></span> <span class='ocrx_word' id='word_1_189' title='bbox 660 3149 697 3216; x_wconf 84' lang='lat' dir='ltr'><strong>Si</strong></span> <span class='ocrx_word' id='word_1_190' title='bbox 718 3173 797 3238; x_wconf 86' lang='lat' dir='ltr'><strong>ergo</strong></span> <span class='ocrx_word' id='word_1_191' title='bbox 819 3150 999 3215; x_wconf 76' lang='lat' dir='ltr'><strong>aliud&#39;non</strong></span> <span class='ocrx_word' id='word_1_192' title='bbox 1020 3170 1078 3231; x_wconf 84' lang='lat' dir='ltr'><strong>pro</strong></span> <span class='ocrx_word' id='word_1_193' title='bbox 1093 3151 1271 3213; x_wconf 87' lang='lat' dir='ltr'><strong>contrario</strong></span> 
     </span>
     <span class='ocr_line' id='line_1_26' title="bbox 262 3266 1275 3350; baseline -0.005 -17"><span class='ocrx_word' id='word_1_194' title='bbox 262 3269 320 3334; x_wconf 79' lang='lat' dir='ltr'><strong>rod</strong></span> <span class='ocrx_word' id='word_1_195' title='bbox 348 3290 406 3350; x_wconf 89' lang='lat' dir='ltr'><strong>pro</strong></span> <span class='ocrx_word' id='word_1_196' title='bbox 438 3269 551 3332; x_wconf 80' lang='lat' dir='ltr'><strong>diviso·</strong></span> <span class='ocrx_word' id='word_1_197' title='bbox 576 3269 707 3350; x_wconf 88' lang='lat' dir='ltr'><strong>ponitur</strong></span> <span class='ocrx_word' id='word_1_198' title='bbox 739 3279 773 3330; x_wconf 89' lang='lat' dir='ltr'><strong>et</strong></span> <span class='ocrx_word' id='word_1_199' title='bbox 812 3267 919 3330; x_wconf 78' lang='lat' dir='ltr'><strong>sancti</strong></span> <span class='ocrx_word' id='word_1_200' title='bbox 955 3266 1200 3346; x_wconf 76' lang='lat' dir='ltr'><strong>praedicatoren</strong></span> <span class='ocrx_word' id='word_1_201' title='bbox 1236 3274 1275 3328; x_wconf 83' lang='lat' dir='ltr'><strong>et</strong></span> 
     </span>
     <span class='ocr_line' id='line_1_27' title="bbox 260 3361 1274 3466; baseline -0.007 -19"><span class='ocrx_word' id='word_1_202' title='bbox 260 3385 333 3466; x_wconf 80' lang='lat' dir='ltr'><strong>ipse</strong></span> <span class='ocrx_word' id='word_1_203' title='bbox 358 3379 509 3448; x_wconf 83' lang='lat' dir='ltr'><strong>Christus</strong></span> <span class='ocrx_word' id='word_1_204' title='bbox 533 3380 629 3466; x_wconf 83' lang='lat' dir='ltr'><strong>hujus</strong></span> <span class='ocrx_word' id='word_1_205' title='bbox 652 3361 893 3444; x_wconf 71' lang='lat' dir='ltr'><strong>maledictioni·</strong></span> <span class='ocrx_word' id='word_1_206' title='bbox 915 3380 968 3442; x_wconf 82' lang='lat' dir='ltr'><strong>rei</strong></span> <span class='ocrx_word' id='word_1_207' title='bbox 989 3382 1076 3456; x_wconf 79' lang='lat' dir='ltr'><strong>aunt,</strong></span> <span class='ocrx_word' id='word_1_208' title='bbox 1099 3376 1154 3440; x_wconf 84' lang='lat' dir='ltr'><strong>vel</strong></span> <span class='ocrx_word' id='word_1_209' title='bbox 1175 3389 1274 3440; x_wconf 87' lang='lat' dir='ltr'><strong>certe</strong></span> 
     </span>
     <span class='ocr_line' id='line_1_28' title="bbox 260 3491 1276 3584; baseline -0.001 -26"><span class='ocrx_word' id='word_1_210' title='bbox 260 3515 433 3579; x_wconf 66' lang='lat' dir='ltr'><strong>possumne</strong></span> <span class='ocrx_word' id='word_1_211' title='bbox 456 3493 587 3575; x_wconf 86' lang='lat' dir='ltr'><strong>dicere,</strong></span> <span class='ocrx_word' id='word_1_212' title='bbox 610 3495 697 3584; x_wconf 86' lang='lat' dir='ltr'><strong>¹qnia</strong></span> <span class='ocrx_word' id='word_1_213' title='bbox 726 3494 791 3576; x_wconf 86' lang='lat' dir='ltr'><strong>ipsi</strong></span> <span class='ocrx_word' id='word_1_214' title='bbox 813 3513 878 3558; x_wconf 90' lang='lat' dir='ltr'><strong>non</strong></span> <span class='ocrx_word' id='word_1_215' title='bbox 901 3491 1050 3558; x_wconf 73' lang='lat' dir='ltr'><strong>hominen</strong></span> <span class='ocrx_word' id='word_1_216' title='bbox 1072 3492 1131 3556; x_wconf 85' lang='lat' dir='ltr'><strong>aed</strong></span> <span class='ocrx_word' id='word_1_217' title='bbox 1154 3491 1276 3557; x_wconf 86' lang='lat' dir='ltr'><strong>Deum</strong></span> 
     </span>
     <span class='ocr_line' id='line_1_29' title="bbox 263 3603 1276 3690; baseline -0.002 -18"><span class='ocrx_word' id='word_1_218' title='bbox 263 3608 637 3674; x_wconf 84' lang='lat' dir='ltr'><strong>excommunicaverunt.</strong></span> <span class='ocrx_word' id='word_1_219' title='bbox 682 3605 766 3671; x_wconf 81' lang='lat' dir='ltr'><strong>Cum</strong></span> <span class='ocrx_word' id='word_1_220' title='bbox 787 3607 875 3671; x_wconf 86' lang='lat' dir='ltr'><strong>enim</strong></span> <span class='ocrx_word' id='word_1_221' title='bbox 908 3605 1052 3689; x_wconf 85' lang='lat' dir='ltr'><strong>aliquem</strong></span> <span class='ocrx_word' id='word_1_222' title='bbox 1075 3603 1276 3690; x_wconf 84' lang='lat' dir='ltr'><strong>hujusmodi</strong></span> 
     </span>
    </p>
   </div>
   <div class='ocr_carea' id='block_1_4' title="bbox 257 3715 1277 3913">
    <p class='ocr_par' dir='ltr' id='par_1_4' title="bbox 257 3715 1277 3913">
     <span class='ocr_line' id='line_1_30' title="bbox 257 3715 1277 3804; baseline -0.005 -15"><span class='ocrx_word' id='word_1_223' title='bbox 257 3723 463 3790; x_wconf 81' lang='lat' dir='ltr'><strong>additionem</strong></span> <span class='ocrx_word' id='word_1_224' title='bbox 483 3721 539 3786; x_wconf 86' lang='lat' dir='ltr'><strong>vei</strong></span> <span class='ocrx_word' id='word_1_225' title='bbox 560 3721 775 3788; x_wconf 85' lang='lat' dir='ltr'><strong>mutationem</strong></span> <span class='ocrx_word' id='word_1_226' title='bbox 798 3720 937 3804; x_wconf 82' lang='lat' dir='ltr'><strong>contigit</strong></span> <span class='ocrx_word' id='word_1_227' title='bbox 957 3717 1043 3797; x_wconf 83' lang='lat' dir='ltr'><strong>fieri,</strong></span> <span class='ocrx_word' id='word_1_228' title='bbox 1065 3715 1129 3783; x_wconf 87' lang='lat' dir='ltr'><strong>hoc</strong></span> <span class='ocrx_word' id='word_1_229' title='bbox 1150 3720 1277 3803; x_wconf 77' lang='lat' dir='ltr'><strong>utique</strong></span> 
     </span>
     <span class='ocr_line' id='line_1_31' title="bbox 263 3825 1051 3913; baseline -0.011 -12"><span class='ocrx_word' id='word_1_230' title='bbox 263 3855 330 3901; x_wconf 88' lang='lat' dir='ltr'><strong>non</strong></span> <span class='ocrx_word' id='word_1_231' title='bbox 353 3831 450 3899; x_wconf 86' lang='lat' dir='ltr'><strong>homo</strong></span> <span class='ocrx_word' id='word_1_232' title='bbox 473 3829 573 3911; x_wconf 81' lang='lat' dir='ltr'><strong>iecit,</strong></span> <span class='ocrx_word' id='word_1_233' title='bbox 597 3828 659 3895; x_wconf 79' lang='lat' dir='ltr'><strong>aed</strong></span> <span class='ocrx_word' id='word_1_234' title='bbox 678 3850 737 3913; x_wconf 83' lang='lat' dir='ltr'><strong>per</strong></span> <span class='ocrx_word' id='word_1_235' title='bbox 758 3827 924 3895; x_wconf 86' lang='lat' dir='ltr'><strong>hominem</strong></span> <span class='ocrx_word' id='word_1_236' title='bbox 946 3825 1051 3894; x_wconf 82' lang='lat' dir='ltr'><strong>Deua.</strong></span> 
     </span>
    </p>
   </div>
   <div class='ocr_carea' id='block_1_5' title="bbox 0 0 1374 4486">
    <p class='ocr_par' dir='ltr' id='par_1_5' title="bbox 0 0 1374 4486">
     <span class='ocr_line' id='line_1_32' title="bbox 0 0 1374 4486; baseline 0 0"><span class='ocrx_word' id='word_1_237' title='bbox 0 0 1374 4486; x_wconf 95' lang='lat' dir='ltr'><strong> </strong></span> 
     </span>
    </p>
   </div>
  </div>
 </body>
</html>
