2774 4486
265 1821 338 1877 c.1.
356 1820 438 1890 Quod
456 1775 571 1877 ndstrae
588 1821 688 1878 calatia
713 1808 823 1878 anmrna
847 1823 904 1877 aint
920 1821 1007 1890 tideo,
1034 1838 1079 1879 oa·

358 1922 428 1975 ritae
445 1925 474 1975 et
491 1927 667 1976 sacramenta
678 1925 708 1974 et
725 1919 791 1990 quid
808 1921 864 1974 rint
876 1918 947 1976 haec
960 1920 1079 1992 singula.
1134 1925 1152 1975 l

238 2016 284 2071 0.
303 2001 406 2072 lilla
425 2017 495 2082 lide,
513 2033 584 2088 quaa
602 2024 632 2072 et
647 2018 814 2072 naturaliter
831 2018 983 2089 praecedit.
1072 2054 1079 2070 .
1134 2021 1151 2073 ²

232 2113 265 2168 0.
284 2115 340 2168 111.
359 2114 441 2169 Circa
458 2130 530 2185 quaa
547 2115 617 2169 tides
637 2113 776 2168 catholica
795 2117 941 2169 consistat.
992 2152 1000 2168 .
1073 2151 1082 2168 .
1135 2118 1153 2171 5

227 2213 273 2286 .⁰·
292 2211 341 2268 lv.
360 2213 444 2278 Quod
460 2214 524 2268 lidei
543 2228 651 2268 summa
669 2213 706 2266 ait
722 2212 751 2266 in
768 2213 875 2268 unitate
902 2228 937 2268 ac
956 2215 1098 2268 trinitata'
1117 2210 1124 2229 ¹

282 2290 517 2392 spana..
590 2345 598 2361 .
912 2347 920 2364 .
992 2347 1001 2365 .
1075 2315 1154 2367 .c

256 2409 286 2464 0.
304 2408 340 2464 V·
356 2390 432 2475 duro
442 2398 502 2480 ipae
515 2411 618 2463 sentiat
629 2408 665 2464 de
675 2409 783 2463 unitata
792 2425 827 2464 ac
835 2410 972 2477 trinitate,
991 2416 1094 2466 oeten·¹
1155 2451 1163 2466 .
1242 2403 1245 2414 ¹

361 2508 402 2562 dit
419 2515 449 2562 et
464 2507 495 2562 id
511 2509 622 2562 ratione
639 2513 670 2562 et
685 2510 855 2564 anctoritate
872 2507 1006 2562 defendit.
1075 2523 1101 2562 .·
1138 2511 1156 2564 ⁹

243 2603 273 2656 0.
292 2603 344 2658 Vl.
362 2605 508 2670 Quaedam
532 2607 580 2660 ani
604 2621 744 2676 personae
779 2611 809 2660 et
832 2622 889 2662 nnn
913 2605 962 2660 alii
989 2621 1106 2662 conve*

360 2703 430 2770 nire,
448 2704 585 2773 quaedam
596 2705 631 2760 de
641 2719 697 2760 una
712 2706 767 2760 dici
779 2711 809 2760 et
819 2706 855 2762 da
866 2704 993 2761 omnious
1004 2706 1086 2761 intel·
1129 2699 1158 2732 ‘²

361 2797 411 2868 ligi
428 2799 521 2854 solere
523 2835 1003 2858 .......
1123 2804 1157 2859 13
1272 2857 1274 2861 .

222 2895 252 2949 0.
274 2893 342 2950 vll.
361 2896 521 2961 Quamlibet
537 2913 686 2968 personam
701 2901 777 2955 idem
794 2903 900 2968 facere,
923 2900 998 2971 qnod
1016 2881 1095 2956 altaa'
1250 2917 1251 2924 ¹

361 3009 432 3060 ram,
451 2995 565 3049 sednon
580 3011 614 3049 eo
626 2995 872 3064 aamodohabem,
891 3013 947 3067 qno
956 2998 1100 3053 alteram.¹
1122 2999 1156 3053 14

210 3080 469 3150 o.v111.1³r0bat'
493 3097 654 3167 evangelica
679 3103 708 3152 et
733 3097 892 3168 apostolica
908 3097 1087 3163 auctoritate,

207 3196 211 3206 “
363 3194 477 3256 Patrem
496 3195 711 3279 omnipotentia,
732 3195 836 3251 Filium
854 3195 1008 3264 sapientia,
1027 3191 1087 3264 Spi·
1137 3190 1141 3214 ¹

362 3291 447 3361 titum
464 3297 592 3347 sanctum
615 3293 775 3364 specialiter
795 3292 936 3363 designari
952 3291 1087 3347 bonitate·
1124 3292 1159 3346 15

241 3385 272 3440 0.
291 3385 342 3440 ΙΧ.
362 3387 496 3444 Probatio
515 3393 630 3462 exlege
632 3426 1006 3446 ......
1059 3383 1102 3444 ’.ἶ
1126 3370 1160 3445 io
1220 3435 1227 3444 .

165 3477 167 3482 ’
258 3484 291 3539 0.
306 3484 345 3538 X·
361 3485 496 3542 Probatio
514 3504 550 3543 ox
567 3489 712 3561 prophetia
714 3523 1008 3544 .....
1080 3513 1101 3539 .·
1125 3489 1160 3540 22

240 3582 272 3638 C·
290 3587 343 3644 Xl.
362 3590 468 3646 Probat
484 3590 665 3664 philosophos
682 3609 736 3649 neo
753 3594 912 3649 salutando
929 3591 1089 3664 cognitione
1124 3575 1139 3588 ,‚

361 3689 494 3744 trinitatis
511 3685 638 3768 caruisse
640 3723 1089 3747 .......
1126 3687 1161 3743 30

221 3779 255 3835 0.
273 3781 340 3838 xri.
360 3784 489 3851 Qualiter
517 3786 677 3861 philosophi
707 3805 791 3845 annm
822 3804 857 3844 ac
887 3790 990 3844 trinum
1023 3797 1089 3843 ‘onae

360 3881 452 3940 Deum
471 3889 658 3966 cognoverint.
759 3917 1088 3941 .....
1126 3884 1161 3938 85

207 3975 238 4029 0.
257 3976 337 4035 xiil.
356 3981 502 4048 Quomodo
529 3986 558 4040 in
579 3987 703 4042 trinitate
721 4002 842 4059 persona
860 3986 1022 4058 accipiatur.
1082 4019 1091 4035 .
1127 3983 1164 4041 tt
