2740 4486
959 275 1134 373 „aa

130 461 166 515 nt
189 471 260 516 oum
275 448 369 514 Deua
391 445 491 512 alictii
513 443 647 532 aliquod
662 446 783 512 bonnm
805 445 1131 530 adntntrnat,.qund

132 587 180 628 ex·
195 563 321 628 invidia
341 560 397 626 vel
419 559 656 626 malevolentia
678 559 809 644 aliqua,
838 573 991 644 quantum
1013 571 1132 642 poa'tu·

131 697 215 756 tuus,
236 674 441 757 impedimus,
464 693 505 737 nc
526 672 586 739 ille
605 671 742 738 habeat.
786 671 866 738 Sine
888 672 985 756 culpa
1001 671 1132 738 dnobus
1203 683 1211 690 '

131 788 238 854 modis
259 790 403 852 nitimur.
449 785 531 852 Cum
546 788 640 850 'enirn
664 787 858 872 quandoque
879 786 1048 852 videamur
1070 785 1132 851 ali·

131 905 196 986 qna
218 904 370 980 evenire,
405 923 489 984 qnae
517 900 612 966 nobis
634 902 904 965 inconvenienter
918 898 997 964 ‘fieri
1017 897 1132 964 viden·
1145 889 1149 900 ”

132 1027 194 1095 tur,
218 1036 284 1079 non
302 1027 452 1099 putamus
474 1012 534 1078 illa
557 1035 577 1077 a
600 1011 676 1079 Deo
700 1013 844 1096 disponi,
867 1025 901 1078 et
921 1013 997 1096 ideo
1016 1021 1132 1080 ecana

2 1197 3 1200 ,
131 1129 299 1206 vadimus,
331 1140 365 1191 et
395 1149 437 1192 ne
464 1128 617 1192 eveniant
647 1126 882 1206 desideramus.
934 1123 1010 1190 Hoc
1043 1125 1130 1188 enirn

131 1242 317 1326 ignorantia
346 1250 506 1304 *excusat
563 1239 616 1304 Ex
647 1241 772 1306 affectu
818 1251 961 1322 quoque·
985 1237 1130 1304 caritatis

131 1353 187 1418 vel
208 1353 320 1436 aliquo
343 1353 486 1416 naturali
508 1353 630 1417 affectu
651 1352 716 1416 hoc
734 1352 821 1418 idem
834 1351 986 1430 lacinias,
999 1361 1043 1414 nt
1057 1366 1130 1414 curu

130 1465 221 1530 videt
243 1468 315 1549 quit
336 1477 462 1548 patrem
484 1487 577 1530 suurn
598 1466 694 1544 mori,
718 1465 780 1528 scit
801 1466 849 1528 sic
870 1484 945 1528 este
966 1463 1001 1528 in
1014 1462 1130 1544 dispo·

130 1583 222 1646 tione
244 1579 333 1657 Dei,
359 1589 524 1642 ettamen
546 1575 675 1650 vultnt
696 1595 763 1642 non
783 1579 959 1654 moriatur,
973 1586 1015 1641 .ot
1032 1572 1129 1650 ,dolet

131 1693 208 1776 qnia
239 1694 386 1756 moritur.
431 1689 470 1756 ln
500 1714 563 1774 quo
585 1691 782 1771 notandum,
817 1691 903 1776 quod
936 1688 1130 1774 quandoque

131 1805 219 1871 bona
247 1803 413 1870 voluntas·
431 1804 572 1870 hominis
609 1827 630 1870 a
654 1804 824 1870 voluntate
853 1801 920 1868 Dei
948 1800 1127 1879 discordat,

131 1919 325 2003 quandoque
347 1911 438 1982 mala
470 1937 540 1982 carn
570 1937 610 1982 eo
641 1917 828 1982 concordat.
873 1916 950 1980 Hoc
972 1914 1128 2000 Augusti-

119 2052 190 2095 nus
212 2029 502 2111 iuliuclriridio(n)
523 2029 621 2114 plane
650 2013 806 2095 ostendit.
852 2027 927 2094 Hoc
951 2029 1050 2104 etiarn
1073 2045 1126 2108 po·

34 2208 38 2228 ,
129 2140 234 2208 clonia
254 2143 355 2222 facit,
387 2156 425 2207 nt
457 2164 527 2208 cum
556 2143 646 2207 videt
666 2141 808 2227 aliquem
828 2154 1006 2226 martyrem
1027 2141 1127 2226 truci·

129 2255 202 2321 dori
222 2255 276 2322 vel
298 2254 449 2338 lapidari,
472 2256 534 2320 scit
555 2253 652 2335 bene,
674 2255 760 2340 quod
781 2252 845 2319 hoc
866 2255 899 2320 in
916 2253 1125 2338 beneplacito

127 2364 195 2433 Dei
217 2380 268 2432 cst
289 2380 323 2432 et
345 2367 431 2453 quod
453 2366 574 2451 bqonrn
596 2379 647 2443 ost
668 2369 766 2434 etiarn
797 2367 872 2448 illi,
906 2382 942 2433 ut
963 2389 1021 2450 per
1040 2387 1126 2439 utar·

128 2491 246 2565 tyrtum
272 2479 356 2546 illud
387 2480 428 2546 de'
457 2479 517 2548 lrnc
546 2482 680 2546 miseria
701 2481 744 2550 ad
765 2481 999 2548 beatitudiuem
1019 2494 1125 2546 trano·
1258 2559 1260 2566 Ι

127 2592 268 2660 lerator:
291 2607 453 2660 ettamen
477 2593 568 2666 dolet
590 2607 623 2664 et
646 2595 765 2678 plorat,
788 2596 875 2680 quod
891 2598 939 2659 sio
953 2595 1123 2680 affligitur.

127 2705 327 2792 Huiusmodi
347 2709 444 2772 fletus
477 2722 510 2774 et
540 2707 693 2787 dolores,
730 2722 766 2774 ut
797 2709 1038 2792 supradictum
1061 2719 1124 2785 est,

116 2819 372 2886 *irrationabiles
392 2834 484 2901 suut,
517 2824 590 2905 qnia
612 2825 645 2887 in
669 2845 781 2888 errore
803 2825 999 2892 consistunt.
1044 2820 1124 2898 Qni-

128 2953 254 3019 cunque
284 2936 371 3000 onirn
402 2936 487 3019 quod
517 2935 675 3019 perficere
707 2948 872 3020 nequeunt
903 2915 986 3012 illud
1008 2955 1124 3020 aggre-

128 3045 276 3127 diuntur,
299 3057 420 3113 errant.
465 3046 548 3112 Sunt
570 3061 679 3112 tamen
699 3049 823 3134 absque
845 3047 960 3132 culpa,
983 3049 1060 3130 quia
1080 3068 1123 3112 ex

128 3161 272 3226 caritatis
310 3160 366 3225 vel
401 3159 541 3244 alicujus
581 3159 771 3225 dilectionis
808 3162 927 3226 affectu
960 3161 1119 3242 procedit.

126 3271 180 3338 Ex
211 3294 251 3338 eo
278 3275 378 3361 igitur
411 3275 496 3357 qnod
527 3272 681 3341 volontas
711 3275 867 3357 accipitur
889 3293 947 3354 pro
980 3272 1119 3358 disposi-

127 3387 218 3451 tione
248 3399 360 3468 aperte
393 3388 514 3470 conjici
545 3398 673 3468 potest,
711 3389 798 3472 quod
828 3386 931 3452 multa
960 3387 1121 3470 praecipit

125 3496 220 3564 Dour
241 3519 325 3582 quae
347 3519 412 3562 non
434 3497 507 3563 vult
527 3498 621 3579 fieri,
654 3512 687 3564 et
708 3499 812 3564 multa
833 3496 1017 3582 prohibet„
1036 3519 1120 3584 quae

124 3608 200 3678 fieri
234 3609 389 3693 disponit.
433 3611 607 3695 Praecepit
636 3615 723 3678 enim
744 3611 918 3692 Abrahae,
950 3623 988 3676 ut
1014 3611 1120 3678 filium

124 3743 220 3794 snum
238 3723 435 3804 immolaret,
455 3747 550 3809 quem
572 3737 681 3792 tameo
696 3721 810 3792 noluit
830 3724 1011 3792 immolari:
1034 3725 1122 3810 quod

122 3835 200 3900 inde
220 3846 330 3918 patet,
364 3838 440 3921 qnia
461 3857 522 3928 nec
543 3837 644 3904 luerit
662 3837 870 3918 immolatus,
903 3836 1120 3924 beneptamen

123 3950 291 4034 praecepit
319 3960 353 4015 et
386 3947 470 4020 bene
499 3950 618 4020 noluit:
665 3951 853 4035 Praecepit.
871 3951 1060 4040 siquiden,
1076 3960 1120 4038 qt

1244 1607 1253 1642 ι
1319 1655 1325 1665 a
