2798 4486
265 151 266 156 =
554 101 575 180 P

257 399 341 470 quae
365 372 468 468 magis
491 373 621 469 reprobi
644 398 742 471 quam
766 373 858 445 electi
879 375 1061 470 possident,
1085 381 1123 446 e'x
1144 401 1258 473 super-

256 487 368 556 addita
402 484 484 578 legis
525 487 731 556 observantia
766 488 983 559 deberentur?
1027 489 1062 558 Si
1095 491 1257 560 sauctitas

255 600 349 670 vobis
385 598 435 669 vel
465 597 874 693 quibuslibetbominibus
907 600 1037 670 beatam
1066 619 1099 672 et
1125 602 1257 672 immor·

255 712 353 782 talem
376 711 473 782 vitam
499 711 655 807 adquirit,
684 728 814 781 constat
841 713 1015 807 praecipue
1043 730 1078 784 et
1105 714 1190 783 hanc
1220 740 1259 783 ex

254 823 327 918 lege
350 825 445 894 nobis
466 823 590 907 deberi,
613 822 641 892 si
664 849 722 894 vos
747 827 816 919 ejus
840 825 1047 894 observantia
1068 827 1258 912 sanetificat.

243 894 447 1008 i'sanctificat
468 948 576 1006 antem
600 934 746 1030 prosectu
762 936 853 1005 ¹sieut
876 953 907 1007 et
930 936 1002 1032 ipse
1024 937 1177 1006 dominns
1197 949 1257 1007 n'o·

255 1050 307 1119 bis
330 1076 391 1145 per
411 1034 553 1144 Moysen
576 1044 853 1144 loquitur‘dicens
873 1057 921 1138 ¹):
959 1050 996 1118 Si
1018 1076 1096 1142 ergo
1120 1048 1256 1118 audieri-

165 1223 169 1226 .
255 1161 296 1231 tis
318 1187 434 1230 vocem
456 1187 579 1246 meam,
603 1177 635 1230 et
658 1159 873 1230 custodieritis
895 1178 1027 1256 pactum
1049 1145 1257 1245 meumJeri·

249 1255 295 1342 'tia
325 1273 404 1342 mibi
419 1273 464 1342 'iu
494 1273 657 1369 peculium
682 1272 725 1341 de
757 1274 882 1342 cunetis
918 1275 1064 1368 populis,
1097 1297 1171 1342 mea
1207 1289 1257 1366 est
1345 1343 1352 1359 N

256 1387 344 1455 enim
373 1385 479 1466 omnis
510 1401 612 1461 terra,
643 1399 676 1455 et
703 1411 762 1454 vos
789 1385 869 1454 mibi
890 1387 924 1454 in
946 1413 1083 1480 regnum
1106 1386 1256 1454 sacerdo·
1295 1369 1307 1384 ’

255 1497 319 1567 tale
350 1513 381 1568 et
410 1523 492 1591 gens
522 1513 645 1568 sancta.
692 1495 872 1586 Quomodo
895 1499 993 1591 igitur
1014 1525 1075 1568 nos
1097 1497 1256 1593 populum

254 1609 452 1705 peculiarem
483 1609 563 1698 (fot.
593 1621 640 1682 ta.
662 1608 724 1698 R.)
756 1625 788 1678 et
816 1612 983 1704 proprium
1012 1611 1072 1680 sibi
1100 1612 1195 1704 elegit
1224 1626 1257 1680 'et

255 1749 316 1817 per
337 1723 443 1816 legem
466 1722 661 1806 sanctificat,
690 1721 719 1790 ui
744 1746 803 1792 vos
826 1722 877 1791 vel
900 1723 981 1792 alios
1004 1723 1164 1794 beatiores
1188 1721 1257 1793 effi-

256 1835 323 1904 cit?
366 1833 411 1902 Et
439 1849 516 1943 petst¹
550 1834 658 1929 aliqua
678 1861 769 1920 *com
800 1859 860 1904 nos
892 1835 934 1904 ad
965 1835 1182 1906 obedientiam
1211 1837 1255 1904 le·

256 1946 562 2039 gis-adhortaretur
593 1947 638 2015 ait
657 1953 707 2037 ²):
752 1947 826 2040 Ego
856 1948 942 2017 enirn
971 1975 1043 2018 sum
1072 1948 1152 2038 deuo
1182 1964 1258 2018 tuus
1358 1998 1362 2008 ·

255 2057 380 2129 fatiens.
407 2058 665 2129 misericordiam
694 2059 728 2129 in
749 2059 866 2144 millia,
895 2060 944 2129 his
968 2061 1021 2157 qui
1045 2060 1181 2154 diligunt
1202 2089 1255 2130 me

257 2187 290 2240 et
319 2171 508 2241 custodiunt
537 2188 713 2267 praecepta
744 2196 826 2246 mea.
871 2173 963 2262 Quid
987 2189 1102 2244 autem
1132 2191 1181 2243 est
1207 2173 1257 2243 fa·
1326 2236 1331 2245 .

257 2283 346 2353 ciens
369 2283 624 2352 misericordiam
646 2284 680 2352 iu
703 2282 818 2364 millia,
846 2287 907 2354 nisi
930 2286 1053 2356 faciens
1077 2286 1256 2356 misericor-

257 2395 345 2464 diain
367 2392 545 2488 perfectam
567 2411 665 2490 atque
689 2415 913 2466 consumatam
935 2424 1034 2494 super
1056 2424 1153 2494 quam
1168 2398 1258 2469 nulla

257 2508 385 2578 extendi
412 2506 535 2600 possit,
564 2506 647 2575 sicut
671 2507 760 2577 nulla
782 2535 867 2580 nova
890 2537 1099 2604 numerorum
1122 2513 1256 2584 uomina

257 2618 472 2690 millenarium
495 2614 665 2704 excedunt,
689 2636 721 2688 et
739 2621 817 2690 alibi
835 2631 886 2712 ³):
914 2622 1028 2692 Sancti
1050 2639 1153 2693 estote
1178 2625 1256 2719 quia

257 2756 320 2823 ego
342 2746 474 2799 sanctus
494 2756 567 2799 sum
585 2731 736 2808 dominus
754 2733 834 2802 dens
851 2752 967 2809 vester.
1003 2736 1085 2804 Item
1101 2735 1184 2804 infra
1203 2745 1255 2828 ⁴):

257 2842 514 2912 Sanctifieamini
546 2859 578 2912 et
605 2845 710 2913 sancti
740 2861 859 2931 estote,
889 2848 966 2941 quia
993 2874 1056 2940 ego
1085 2874 1157 2917 sum
1181 2875 1256 2918 san.
1353 2876 1360 2923 '.

258 2972 329 3026 etus
354 2955 506 3037 domiuus
530 2954 610 3024 deus
634 2948 750 3027 vester.
789 2955 964 3029 Custodite
987 2977 1161 3055 praecepta
1183 2987 1256 3030 mea

258 3083 291 3140 et
319 3068 415 3138 facite
446 3091 493 3141 ea.
538 3067 611 3160 Ego
641 3069 792 3140 dominus
821 3073 875 3167 qni
905 3073 1072 3142 sanctifico
1098 3098 1167 3142 vos.
1212 3074 1257 3142 Et

256 3198 334 3276 post
356 3180 464 3276 aliqua
484 3187 535 3273 6);
573 3180 672 3250 Eritis
696 3183 798 3253 sancti
820 3185 909 3268 mei,'
928 3187 1003 3281 qnia
1026 3211 1104 3283 snm¹
1121 3204 1264 3284 sanctus&

257 3291 409 3362 dominus
433 3303 472 3360 et
496 3293 645 3386 separavi
666 3321 725 3366 vos
740 3321 768 3366 a
791 3297 906 3368 ceteris
928 3297 1059 3394 populis
1083 3315 1118 3366 nt
1140 3300 1255 3368 essetis

272 3557 310 3628 1)
328 3555 412 3614 Exod
430 3555 509 3626 XIX,
527 3561 552 3616 6,

272 3661 309 3732 a)
327 3659 411 3719 aaa
429 3655 497 3730 xx,
513 3666 540 3721 a
571 3641 574 3646 ’
681 3743 682 3746 w

272 3767 309 3840 3)
326 3765 410 3826 Lavit
428 3765 507 3836 XIX,
527 3771 553 3827 2.

273 3871 309 3944 4)
326 3868 411 3930 Lavit
427 3869 520 3944 XXII,
537 3877 580 3934 31.

258 3978 310 4054 ,6)
328 3977 412 4037 berit.
430 3977 498 4049 XX,
514 3985 558 4039 26.
599 4007 602 4016 ⁴
