2798 4486
1102 217 1150 291 21

140 391 244 488 ctori,
263 415 284 459 a
306 387 551 467 circumcisione
574 386 746 457 inchoans.
790 383 924 457 Sciebat
948 388 1067 483 qnippe
1090 388 1149 459 do-

140 506 262 588 minus,
283 502 396 570 duram
421 499 534 594 populi
550 499 653 570 nostri
677 499 835 574 cervicem
851 498 1003 584 futuram,
1026 516 1058 570 et
1075 527 1149 570 enm
1238 585 1241 592 ¹

141 617 186 687 ad
207 612 457 705 ido(lo)latriam
485 637 615 708 quoque
639 636 826 706 pravosque
850 612 1016 704 gentilium
1039 639 1147 682 mores
1220 642 1224 650 ·

31 806 35 811 ,
140 728 238 800 facile
266 723 432 809 inclinari,
463 724 547 794 sicut
573 750 608 793 re
638 723 712 818 ipsa
739 740 857 817 postea
885 725 1057 818 probatum
1088 739 1147 794 est.

139 841 241 910 Unde
272 835 429 931 legalibus
459 835 673 906 observantiis
712 836 805 932 quasi
837 838 977 905 maceria
1006 836 1147 932 quadam

139 949 357 1047 interpositis,
388 947 529 1018 decrevit
560 973 671 1016 eorum
702 948 782 1015 ritus
812 948 856 1017 ita
883 949 1084 1042 disjungere,
1112 965 1148 1020 ut

140 1063 233 1134 nulla
256 1059 512 1130 conversationis
536 1059 586 1130 vel
616 1057 839 1128 familiaritatis
873 1063 1148 1155 conjungerentur

140 1163 444 1257 societate,'immo
472 1189 648 1268 perpetuas
678 1171 756 1241 hinc
786 1172 943 1242 adversus
972 1199 1007 1243 se
1035 1175 1144 1244 conci-

138 1303 257 1384 perent
278 1283 473 1354 inimicitias.
513 1281 691 1352 Maximam
714 1309 793 1354 vero
816 1284 902 1354 iuter
923 1284 1074 1354 homines
1099 1285 1145 1354 sa·

138 1398 357 1470 miliaritatem
380 1393 497 1489 copula
520 1394 715 1464 matrimonii
740 1411 772 1466 et
795 1396 981 1467 communio
1011 1422 1144 1467 mensae

140 1508 335 1583 contrahere
359 1506 452 1592 solet.
494 1505 592 1576 Unde
616 1507 659 1576 ad
682 1507 763 1577 baec
786 1508 923 1578 maxime
946 1509 1146 1579 removenda

139 1642 175 1696 et
209 1621 488 1693 circumcisionem
524 1618 661 1687 instituit
691 1619 842 1689 dominus
871 1636 904 1690 et
932 1621 1144 1691 delicatorum

139 1738 287 1808 ciborum
311 1758 402 1801 esum
424 1730 591 1804 interdixit
637 1730 733 1801 Adeo
757 1757 899 1826 namque
927 1731 1156 1804 circumcisio-¹

138 1850 193 1918 nis
217 1848 343 1940 signnm
367 1844 516 1935 gentibus
540 1843 779 1914 abhominabile
802 1845 944 1928 videtur,
971 1862 1007 1914 ut
1029 1846 1057 1914 si
1080 1871 1142 1916 uos

141 1987 254 2032 eorum
279 1956 417 2026 seminas
441 1953 670 2026 affectaremus
693 1953 879 2025 nullatenus
902 1957 997 2026 nohis
1020 1958 1054 2025 in
1078 1958 1142 2028 hoc

141 2070 371 2144 consentirent.
416 2067 530 2150 Unde,
551 2067 621 2157 ,etsi
650 2065 732 2136 aliae
763 2083 880 2135 essent·
895 2068 1054 2152 rationes,
1081 2071 1142 2138 has

139 2183 361 2280 inpraesenti
385 2180 482 2250 credo
506 2177 666 2248 sufficere.
711 2176 815 2268 Quod
844 2195 952 2248 tamen
977 2178 1142 2249 circumci-
1241 2197 1260 2204 '¹

140 2297 244 2369 sionis
268 2321 327 2364 scu
344 2293 424 2386 legis
443 2292 594 2362 meritum
614 2315 770 2362 evacuare
789 2290 840 2361 vel
858 2290 1031 2364 exten‘oare
1049 2293 1141 2364 labo·

138 2436 211 2493 ras,
237 2437 275 2478 ex
298 2408 370 2501 ipsa
388 2404 512 2476 scilicet
530 2403 719 2473 auctoritate
741 2402 934 2497 scripturae,
959 2433 1018 2500 per
1035 2407 1142 2500 ipsam

142 2522 243 2594 credo
262 2517 363 2589 refelli
382 2541 492 2612 posse,
512 2515 540 2584 si
559 2541 598 2586 ea
618 2513 776 2598 videlicet,
798 2541 881 2612 quae
901 2518 941 2586 de
960 2519 1043 2587 serie
1063 2520 1141 2588 scri·
1169 2569 1172 2586 ,
1247 2591 1249 2601 ,

139 2653 255 2732 pturae
283 2630 408 2700 [oratus
432 2653 504 2697 esse
534 2627 699 2697 reticendo
728 2627 863 2711 videris,
895 2627 1065 2723 diligenter
1093 2647 1142 2700 at·

140 2747 270 2830 tendas,
292 2767 375 2840 qnae
397 2740 454 2810 tihi
477 2738 575 2809 credo
597 2738 744 2809 nocitura
768 2740 911 2811 videbas.
946 2740 1030 2810 Cum
1055 2743 1142 2812 enim

141 2877 274 2956 pactum
296 2897 340 2910 --
370 2852 457 2948 quod
481 2877 539 2946 per
561 2849 840 2924 circumcisionem
862 2895 917 2924 -,
932 2855 1139 2946 domino(us)

141 2997 217 3040 cnm
233 2969 357 3064 ipse(0)
371 2963 560 3047 institueret,
584 2960 663 3030 dixit
677 2963 844 3033 Abrahae:
871 2966 1045 3049 „Statuam
1063 2995 1140 3061 pac·

140 3101 211 3154 tum
233 3107 341 3151 meum
364 3079 521 3146 interme
546 3090 578 3144 et
600 3090 630 3144 te
655 3090 688 3142 et
711 3100 823 3144 semen
843 3093 932 3146 tuum
955 3095 1031 3172 post
1052 3095 1084 3148 te
1105 3080 1140 3149 in

141 3191 405 3289 generationibus
430 3187 508 3271 suis,
530 3185 663 3255 loedere
687 3186 895 3280 sempiterno,
917 3206 955 3258 ut
966 3190 1031 3258 sim
1047 3188 1140 3261 Deus

140 3323 218 3377 tuus
243 3321 275 3374 et
297 3303 429 3374 seminis
453 3309 490 3389 ¹)
513 3297 597 3368 tui.“
644 3295 727 3366 Cum
752 3297 837 3367 enim
862 3298 997 3373 foedere
1023 3306 1144 3399 sempi-¹

138 3434 234 3488 terno
258 3419 302 3486 ait
324 3432 359 3484 ut
380 3415 441 3484 sim
465 3411 546 3482 dens
571 3425 643 3478 tuns
673 3425 705 3478 et
737 3411 868 3482 seminis
898 3415 966 3485 tui?
992 3433 1142 3510 patenter

141 3530 261 3601 edocet
281 3554 343 3598 nos
366 3554 404 3598 ex
419 3521 662 3596 circumcisione
677 3517 751 3591 Deo
775 3526 959 3618 perenniter
978 3553 1051 3598 esse
1073 3529 1141 3599 loe·

142 3641 356 3734 d(er)andos‚
386 3655 418 3710 et
444 3664 505 3734 per
525 3635 608 3704 haec
631 3659 694 3703 nos
725 3660 800 3703 enm
823 3639 1000 3732 promereri
1021 3639 1141 3727 Deum,

142 3770 181 3823 ut
197 3779 261 3824 nec
282 3753 317 3824 in
335 3751 397 3824 hac
412 3752 489 3832 vita,
511 3745 636 3818 scilicet
657 3771 719 3816 nec
741 3746 903 3821 inlutum
921 3751 1143 3848 disjungamur

141 3913 344 3930 ψ’

163 4001 198 4073 l)
216 4001 283 4059 Gen.
300 3999 389 4072 xvtl,
407 4007 433 4062 7.
