2806 4492
174 269 179 294 ¹
238 269 309 338 ΧΠ

236 449 484 532 mentionem
513 465 709 535 truetatue
736 445 948 560 eujusdam
975 449 1126 560 injicit,
1165 449 1236 566 'qui
1266 414 1276 448 ⁷

236 592 312 680 eol)
328 596 445 680 titulo
457 597 761 681 Sententiarum
774 587 1119 682 -cirdumlerretttr
1130 593 1156 648 ‘l
1178 611 1238 680 et·

237 741 1236 857 queAbaelardouddiotueeeset.Gualteruepriortr

235 891 365 976 verba
386 891 723 1005 hujusstruututus
751 893 883 977 refert
893 892 956 998 Ἥ·
974 873 1076 1008 quae
1095 905 1235 974 tamen

69 1043 141 1132 'u
236 1037 293 1120 ita
308 1035 534 1145 mhabenq
561 1057 615 1124 ut*
624 1035 795 1152 prorsus
812 1043 866 1125 uh
884 1042 947 1145 iis,
973 1069 1077 1152 quae
1092 1051 1236 1122 noster
1262 1072 1265 1082 ·
1337 1037 1341 1044 ⁴

262 1397 265 1402 ,
321 1353 376 1398 rea
396 1337 501 1400 nostri
523 1357 581 1418 per
593 1335 821 1420 Apostoloain
835 1334 898 1400 hoe
913 1336 1125 1414 conveniunt,
1148 1333 1237 1419 quod

311 1445 477 1525 diabolus
501 1448 678 1518 dominium
701 1459 735 1516 et
761 1459 960 1531 potestatem
988 1445 1112 1512 habeat
1140 1467 1238 1529 super

321 1558 499 1641 hominem,
523 1575 557 1628 et
573 1565 651 1647 jure
673 1585 747 1628 eum
769 1561 972 1646 possidebat,
996 1561 1073 1627 ideo
1095 1560 1236 1639 seilicet,

323 1671 410 1757 quod
432 1673 529 1740 horno
552 1687 586 1738 et
607 1675 762 1740 libertate
784 1674 928 1753 arbitrii,
962 1695 1059 1757 quam
1080 1669 1237 1750 habebat,

331 1795 449 1871 eppnte
473 1787 607 1854 diabolo
629 1789 810 1854 consenuit.
853 1786 956 1852 Aiunt
977 1807 1128 1871 namque,
1151 1781 1240 1872 qnod

288 1899 445 1982 'niquis
468 1898 612 1983 aliquem
633 1902 763 1981 vicerit,
787 1903 892 1966 virtus
911 1902 988 1984 jure
1011 1899 1148 1966 victoris
1167 1918 1238 1963 aar·
1291 1955 1296 1966 .
1351 1943 1355 1951 «

320 2029 381 2080 vttt
394 2013 615 2092 constituitur.
647 2012 742 2093 Ideo,
763 2015 880 2098 inquit,
897 2014 986 2078 rieut
999 2011 1113 2076 dieunt
1125 2010 1239 2075 docto·

319 2143 394 2204 ter,
427 2124 492 2190 hae
523 2113 722 2192 necessitate
751 2129 940 2192 incarnetur
975 2136 1027 2190 eat
1048 2122 1137 2189 filiun
1160 2121 1239 2202 Dei,

196 2261 198 2270 ¹
234 2315 238 2320 ¹
291 2248 358 2301 ·ut
378 2235 496 2318 homo,
531 2242 585 2324 qui
604 2239 706 2314 aliter
736 2239 871 2307 liberari
898 2261 966 2314 non
996 2248 1147 2322 poterat,
1181 2255 1240 2320 per

319 2362 458 2416 mortem
478 2353 665 2418 innocentie
694 2355 771 2437 jure
793 2351 991 2418 liberaretur
1013 2373 1035 2416 a
1060 2351 1146 2438 jugo
1168 2348 1238 2413 dia-

266 2521 269 2533 .
317 2461 402 2530 ¹boli.
447 2463 535 2546 Sed,
561 2477 598 2532 ut
619 2464 715 2530 nobie
738 2465 887 2546 videtur,
911 2466 977 2544 ait,
1000 2484 1064 2530 nee
1085 2460 1239 2528 diabolus
1367 2527 1369 2532 ,

319 2569 462 2662 uuquam
479 2579 537 2662 jue
560 2577 694 2664 aliquod
715 2581 750 2644 in
773 2577 906 2644 homine
922 2576 1050 2657 habuit,
1072 2573 1239 2641 nisilorte

309 2687 397 2796 ‘Deo
418 2694 647 2774 permittente,
668 2703 706 2756 ut
726 2693 945 2758 carcerarius:
976 2712 1038 2758 neo
1058 2689 1148 2756 filius
1171 2685 1240 2754 Dei

227 2855 233 2869 .
319 2816 356 2884 ut
376 2803 545 2870 homiuem
565 2803 743 2886 liberaret,
765 2826 896 2870 earnem
919 2803 1088 2870 assumit.

263 2943 299 3021 6)
322 2935 521 3018 (inaltatur,
539 2941 580 3018 in
601 2937 687 3004 libro
710 2959 771 3005 auo
794 2950 909 3005 eontra
929 2935 990 3006 tv.
1012 2930 1240 3022 Labyrinthos

194 3083 197 3086 ·
323 3050 469 3133 Galliae,
492 3052 536 3119 de
554 3074 618 3137 quo
643 3051 747 3119 habea
770 3064 927 3137 exoerpta
948 3050 1035 3138 apud
1057 3050 1098 3117 C.
1116 3049 1157 3116 E.
1173 3048 1240 3116 Bu·
1349 3048 1356 3056 '

321 3167 441 3248 laeum,
464 3169 497 3233 in
519 3167 637 3234 histor.
655 3170 746 3234 univ.
758 3167 973 3234 Pariaienriu.
995 3167 1038 3234 Τ.
1051 3165 1101 3231 ll.
1119 3189 1152 3250 p.
1165 3171 1239 3230 200.

265 3309 301 3388 7)
322 3303 468 3371 Bulaeus
497 3303 521 3368 1.
552 3322 601 3369 n:
641 3301 767 3369 Contra
794 3300 1018 3368 Abaelardum
1045 3299 1242 3382 praeuertim

320 3419 405 3504 agit,
426 3428 559 3502 propter
581 3427 755 3482 tractatum
779 3415 952 3503 quendam,
976 3413 1072 3496 eujus
1094 3421 1167 3475 erat
1187 3406 1243 3474 hie

323 3529 456 3598 titulus:
489 3530 653 3615 Incipiunt
679 3527 937 3594 Sententiae
958 3523 1240 3596 Divinitatir3
1285 3589 1292 3596 ,

323 3659 358 3711 et
369 3644 589 3712 hoeinitium:
611 3663 752 3724 „omnes
767 3644 918 3708 sitienter
939 3639 1051 3713 venite
1075 3635 1118 3703 ad
1137 3653 1241 3722 aquae

324 3773 358 3830 at
378 3759 485 3826 hibita
507 3759 622 3838 amici,
651 3755 861 3823 inebriamini
883 3754 1045 3822 rarissimi
1067 3754 1175 3830 eto.“,
1206 3751 1242 3814 in

320 3895 383 3961 quo
404 3871 528 3940 multuo
555 3869 807 3937 continebantur
834 3866 992 3934 haereses
1024 3876 1058 3931 et
1079 3861 1241 3948 profanae

325 4009 443 4056 rerunt
465 3985 630 4055 novitates
653 3983 715 4050 rel.
1001 3970 1004 3980 '
1100 3989 1102 3996 “
1134 3983 1135 3988 ’
